%YAML 1.1
%TAG !u! tag:unity3d.com,2011:
--- !u!1 &132737176720247809
GameObject:
  m_ObjectHideFlags: 0
  m_CorrespondingSourceObject: {fileID: 0}
  m_PrefabInstance: {fileID: 0}
  m_PrefabAsset: {fileID: 0}
  serializedVersion: 6
  m_Component:
  - component: {fileID: 3819178258238986486}
  m_Layer: 0
  m_Name: Basket_Grass_Var1
  m_TagString: Untagged
  m_Icon: {fileID: 0}
  m_NavMeshLayer: 0
  m_StaticEditorFlags: 0
  m_IsActive: 1
--- !u!4 &3819178258238986486
Transform:
  m_ObjectHideFlags: 0
  m_CorrespondingSourceObject: {fileID: 0}
  m_PrefabInstance: {fileID: 0}
  m_PrefabAsset: {fileID: 0}
  m_GameObject: {fileID: 132737176720247809}
  m_LocalRotation: {x: 0, y: 0, z: 0, w: 1}
  m_LocalPosition: {x: 0, y: 0, z: 0}
  m_LocalScale: {x: 1, y: 1, z: 1}
  m_Children:
  - {fileID: 3043785675132090391}
  - {fileID: 2368420725050802175}
  - {fileID: 3970544516333452148}
  - {fileID: 2113914489389349222}
  - {fileID: 9001464915154399847}
  - {fileID: 190822072861496418}
  m_Father: {fileID: 0}
  m_RootOrder: 0
  m_LocalEulerAnglesHint: {x: 0, y: 0, z: 0}
--- !u!1001 &373612777434772361
PrefabInstance:
  m_ObjectHideFlags: 0
  serializedVersion: 2
  m_Modification:
    m_TransformParent: {fileID: 3819178258238986486}
    m_Modifications:
    - target: {fileID: -8679921383154817045, guid: 2eee17247544577419b87dbd9781c36c, type: 3}
      propertyPath: m_RootOrder
      value: 5
      objectReference: {fileID: 0}
    - target: {fileID: -8679921383154817045, guid: 2eee17247544577419b87dbd9781c36c, type: 3}
      propertyPath: m_LocalScale.x
      value: 4.1280246
      objectReference: {fileID: 0}
    - target: {fileID: -8679921383154817045, guid: 2eee17247544577419b87dbd9781c36c, type: 3}
      propertyPath: m_LocalScale.y
      value: 4.6555605
      objectReference: {fileID: 0}
    - target: {fileID: -8679921383154817045, guid: 2eee17247544577419b87dbd9781c36c, type: 3}
      propertyPath: m_LocalScale.z
      value: 1.3553146
      objectReference: {fileID: 0}
    - target: {fileID: -8679921383154817045, guid: 2eee17247544577419b87dbd9781c36c, type: 3}
      propertyPath: m_LocalPosition.x
      value: 0.12819934
      objectReference: {fileID: 0}
    - target: {fileID: -8679921383154817045, guid: 2eee17247544577419b87dbd9781c36c, type: 3}
      propertyPath: m_LocalPosition.y
      value: -3.2556343
      objectReference: {fileID: 0}
    - target: {fileID: -8679921383154817045, guid: 2eee17247544577419b87dbd9781c36c, type: 3}
      propertyPath: m_LocalPosition.z
      value: 0.70585907
      objectReference: {fileID: 0}
    - target: {fileID: -8679921383154817045, guid: 2eee17247544577419b87dbd9781c36c, type: 3}
      propertyPath: m_LocalRotation.w
      value: 0.16188428
      objectReference: {fileID: 0}
    - target: {fileID: -8679921383154817045, guid: 2eee17247544577419b87dbd9781c36c, type: 3}
      propertyPath: m_LocalRotation.x
      value: 0.10139602
      objectReference: {fileID: 0}
    - target: {fileID: -8679921383154817045, guid: 2eee17247544577419b87dbd9781c36c, type: 3}
      propertyPath: m_LocalRotation.y
      value: 0.979913
      objectReference: {fileID: 0}
    - target: {fileID: -8679921383154817045, guid: 2eee17247544577419b87dbd9781c36c, type: 3}
      propertyPath: m_LocalRotation.z
      value: -0.057297237
      objectReference: {fileID: 0}
    - target: {fileID: -8679921383154817045, guid: 2eee17247544577419b87dbd9781c36c, type: 3}
      propertyPath: m_LocalEulerAnglesHint.x
      value: 8.344
      objectReference: {fileID: 0}
    - target: {fileID: -8679921383154817045, guid: 2eee17247544577419b87dbd9781c36c, type: 3}
      propertyPath: m_LocalEulerAnglesHint.y
      value: 14.178
      objectReference: {fileID: 0}
    - target: {fileID: -8679921383154817045, guid: 2eee17247544577419b87dbd9781c36c, type: 3}
      propertyPath: m_LocalEulerAnglesHint.z
      value: 10.492
      objectReference: {fileID: 0}
    - target: {fileID: 919132149155446097, guid: 2eee17247544577419b87dbd9781c36c, type: 3}
      propertyPath: m_Name
      value: Plant_Mesh (12)
      objectReference: {fileID: 0}
    m_RemovedComponents: []
  m_SourcePrefab: {fileID: 100100000, guid: 2eee17247544577419b87dbd9781c36c, type: 3}
--- !u!4 &190822072861496418 stripped
Transform:
  m_CorrespondingSourceObject: {fileID: -8679921383154817045, guid: 2eee17247544577419b87dbd9781c36c, type: 3}
  m_PrefabInstance: {fileID: 373612777434772361}
  m_PrefabAsset: {fileID: 0}
--- !u!1001 &1935592889478749837
PrefabInstance:
  m_ObjectHideFlags: 0
  serializedVersion: 2
  m_Modification:
    m_TransformParent: {fileID: 3819178258238986486}
    m_Modifications:
    - target: {fileID: -8679921383154817045, guid: 2eee17247544577419b87dbd9781c36c, type: 3}
      propertyPath: m_RootOrder
      value: 3
      objectReference: {fileID: 0}
    - target: {fileID: -8679921383154817045, guid: 2eee17247544577419b87dbd9781c36c, type: 3}
      propertyPath: m_LocalScale.x
      value: 2.1051917
      objectReference: {fileID: 0}
    - target: {fileID: -8679921383154817045, guid: 2eee17247544577419b87dbd9781c36c, type: 3}
      propertyPath: m_LocalScale.y
      value: 1.8754991
      objectReference: {fileID: 0}
    - target: {fileID: -8679921383154817045, guid: 2eee17247544577419b87dbd9781c36c, type: 3}
      propertyPath: m_LocalScale.z
      value: 1.2547711
      objectReference: {fileID: 0}
    - target: {fileID: -8679921383154817045, guid: 2eee17247544577419b87dbd9781c36c, type: 3}
      propertyPath: m_LocalPosition.x
      value: -1.709601
      objectReference: {fileID: 0}
    - target: {fileID: -8679921383154817045, guid: 2eee17247544577419b87dbd9781c36c, type: 3}
      propertyPath: m_LocalPosition.y
      value: -1.363636
      objectReference: {fileID: 0}
    - target: {fileID: -8679921383154817045, guid: 2eee17247544577419b87dbd9781c36c, type: 3}
      propertyPath: m_LocalPosition.z
      value: -0.26894084
      objectReference: {fileID: 0}
    - target: {fileID: -8679921383154817045, guid: 2eee17247544577419b87dbd9781c36c, type: 3}
      propertyPath: m_LocalRotation.w
      value: -0.430654
      objectReference: {fileID: 0}
    - target: {fileID: -8679921383154817045, guid: 2eee17247544577419b87dbd9781c36c, type: 3}
      propertyPath: m_LocalRotation.x
      value: 0.10065091
      objectReference: {fileID: 0}
    - target: {fileID: -8679921383154817045, guid: 2eee17247544577419b87dbd9781c36c, type: 3}
      propertyPath: m_LocalRotation.y
      value: 0.8834926
      objectReference: {fileID: 0}
    - target: {fileID: -8679921383154817045, guid: 2eee17247544577419b87dbd9781c36c, type: 3}
      propertyPath: m_LocalRotation.z
      value: -0.15442617
      objectReference: {fileID: 0}
    - target: {fileID: -8679921383154817045, guid: 2eee17247544577419b87dbd9781c36c, type: 3}
      propertyPath: m_LocalEulerAnglesHint.x
      value: 10.73
      objectReference: {fileID: 0}
    - target: {fileID: -8679921383154817045, guid: 2eee17247544577419b87dbd9781c36c, type: 3}
      propertyPath: m_LocalEulerAnglesHint.y
      value: 85.892
      objectReference: {fileID: 0}
    - target: {fileID: -8679921383154817045, guid: 2eee17247544577419b87dbd9781c36c, type: 3}
      propertyPath: m_LocalEulerAnglesHint.z
      value: 18.445
      objectReference: {fileID: 0}
    - target: {fileID: 919132149155446097, guid: 2eee17247544577419b87dbd9781c36c, type: 3}
      propertyPath: m_Name
      value: Plant_Mesh (10)
      objectReference: {fileID: 0}
    m_RemovedComponents: []
  m_SourcePrefab: {fileID: 100100000, guid: 2eee17247544577419b87dbd9781c36c, type: 3}
--- !u!4 &2113914489389349222 stripped
Transform:
  m_CorrespondingSourceObject: {fileID: -8679921383154817045, guid: 2eee17247544577419b87dbd9781c36c, type: 3}
  m_PrefabInstance: {fileID: 1935592889478749837}
  m_PrefabAsset: {fileID: 0}
--- !u!1001 &2834148883035985940
PrefabInstance:
  m_ObjectHideFlags: 0
  serializedVersion: 2
  m_Modification:
    m_TransformParent: {fileID: 3819178258238986486}
    m_Modifications:
    - target: {fileID: -8679921383154817045, guid: 2eee17247544577419b87dbd9781c36c, type: 3}
      propertyPath: m_RootOrder
      value: 1
      objectReference: {fileID: 0}
    - target: {fileID: -8679921383154817045, guid: 2eee17247544577419b87dbd9781c36c, type: 3}
      propertyPath: m_LocalScale.x
      value: 2.4429893
      objectReference: {fileID: 0}
    - target: {fileID: -8679921383154817045, guid: 2eee17247544577419b87dbd9781c36c, type: 3}
      propertyPath: m_LocalScale.y
      value: 2.9151914
      objectReference: {fileID: 0}
    - target: {fileID: -8679921383154817045, guid: 2eee17247544577419b87dbd9781c36c, type: 3}
      propertyPath: m_LocalScale.z
      value: 1.0546746
      objectReference: {fileID: 0}
    - target: {fileID: -8679921383154817045, guid: 2eee17247544577419b87dbd9781c36c, type: 3}
      propertyPath: m_LocalPosition.x
      value: 1.9394878
      objectReference: {fileID: 0}
    - target: {fileID: -8679921383154817045, guid: 2eee17247544577419b87dbd9781c36c, type: 3}
      propertyPath: m_LocalPosition.y
      value: -2.3056374
      objectReference: {fileID: 0}
    - target: {fileID: -8679921383154817045, guid: 2eee17247544577419b87dbd9781c36c, type: 3}
      propertyPath: m_LocalPosition.z
      value: 0.3111248
      objectReference: {fileID: 0}
    - target: {fileID: -8679921383154817045, guid: 2eee17247544577419b87dbd9781c36c, type: 3}
      propertyPath: m_LocalRotation.w
      value: 0.06914402
      objectReference: {fileID: 0}
    - target: {fileID: -8679921383154817045, guid: 2eee17247544577419b87dbd9781c36c, type: 3}
      propertyPath: m_LocalRotation.x
      value: 0.106328756
      objectReference: {fileID: 0}
    - target: {fileID: -8679921383154817045, guid: 2eee17247544577419b87dbd9781c36c, type: 3}
      propertyPath: m_LocalRotation.y
      value: 0.99078506
      objectReference: {fileID: 0}
    - target: {fileID: -8679921383154817045, guid: 2eee17247544577419b87dbd9781c36c, type: 3}
      propertyPath: m_LocalRotation.z
      value: -0.047521785
      objectReference: {fileID: 0}
    - target: {fileID: -8679921383154817045, guid: 2eee17247544577419b87dbd9781c36c, type: 3}
      propertyPath: m_LocalEulerAnglesHint.x
      value: 6.25
      objectReference: {fileID: 0}
    - target: {fileID: -8679921383154817045, guid: 2eee17247544577419b87dbd9781c36c, type: 3}
      propertyPath: m_LocalEulerAnglesHint.y
      value: 24.837
      objectReference: {fileID: 0}
    - target: {fileID: -8679921383154817045, guid: 2eee17247544577419b87dbd9781c36c, type: 3}
      propertyPath: m_LocalEulerAnglesHint.z
      value: 11.85
      objectReference: {fileID: 0}
    - target: {fileID: 919132149155446097, guid: 2eee17247544577419b87dbd9781c36c, type: 3}
      propertyPath: m_Name
      value: Plant_Mesh (8)
      objectReference: {fileID: 0}
    m_RemovedComponents: []
  m_SourcePrefab: {fileID: 100100000, guid: 2eee17247544577419b87dbd9781c36c, type: 3}
--- !u!4 &2368420725050802175 stripped
Transform:
  m_CorrespondingSourceObject: {fileID: -8679921383154817045, guid: 2eee17247544577419b87dbd9781c36c, type: 3}
  m_PrefabInstance: {fileID: 2834148883035985940}
  m_PrefabAsset: {fileID: 0}
--- !u!1001 &3294114350986878972
PrefabInstance:
  m_ObjectHideFlags: 0
  serializedVersion: 2
  m_Modification:
    m_TransformParent: {fileID: 3819178258238986486}
    m_Modifications:
    - target: {fileID: -8679921383154817045, guid: 2eee17247544577419b87dbd9781c36c, type: 3}
      propertyPath: m_RootOrder
      value: 0
      objectReference: {fileID: 0}
    - target: {fileID: -8679921383154817045, guid: 2eee17247544577419b87dbd9781c36c, type: 3}
      propertyPath: m_LocalScale.x
      value: 2.8337543
      objectReference: {fileID: 0}
    - target: {fileID: -8679921383154817045, guid: 2eee17247544577419b87dbd9781c36c, type: 3}
      propertyPath: m_LocalScale.y
      value: 3.816427
      objectReference: {fileID: 0}
    - target: {fileID: -8679921383154817045, guid: 2eee17247544577419b87dbd9781c36c, type: 3}
      propertyPath: m_LocalScale.z
      value: 1.6924001
      objectReference: {fileID: 0}
    - target: {fileID: -8679921383154817045, guid: 2eee17247544577419b87dbd9781c36c, type: 3}
      propertyPath: m_LocalPosition.x
      value: -0.019711701
      objectReference: {fileID: 0}
    - target: {fileID: -8679921383154817045, guid: 2eee17247544577419b87dbd9781c36c, type: 3}
      propertyPath: m_LocalPosition.y
      value: -1.825634
      objectReference: {fileID: 0}
    - target: {fileID: -8679921383154817045, guid: 2eee17247544577419b87dbd9781c36c, type: 3}
      propertyPath: m_LocalPosition.z
      value: -0.4253175
      objectReference: {fileID: 0}
    - target: {fileID: -8679921383154817045, guid: 2eee17247544577419b87dbd9781c36c, type: 3}
      propertyPath: m_LocalRotation.w
      value: 1
      objectReference: {fileID: 0}
    - target: {fileID: -8679921383154817045, guid: 2eee17247544577419b87dbd9781c36c, type: 3}
      propertyPath: m_LocalRotation.x
      value: -0
      objectReference: {fileID: 0}
    - target: {fileID: -8679921383154817045, guid: 2eee17247544577419b87dbd9781c36c, type: 3}
      propertyPath: m_LocalRotation.y
      value: -0
      objectReference: {fileID: 0}
    - target: {fileID: -8679921383154817045, guid: 2eee17247544577419b87dbd9781c36c, type: 3}
      propertyPath: m_LocalRotation.z
      value: -0
      objectReference: {fileID: 0}
    - target: {fileID: -8679921383154817045, guid: 2eee17247544577419b87dbd9781c36c, type: 3}
      propertyPath: m_LocalEulerAnglesHint.x
      value: 0
      objectReference: {fileID: 0}
    - target: {fileID: -8679921383154817045, guid: 2eee17247544577419b87dbd9781c36c, type: 3}
      propertyPath: m_LocalEulerAnglesHint.y
      value: 0
      objectReference: {fileID: 0}
    - target: {fileID: -8679921383154817045, guid: 2eee17247544577419b87dbd9781c36c, type: 3}
      propertyPath: m_LocalEulerAnglesHint.z
      value: 0
      objectReference: {fileID: 0}
    - target: {fileID: 919132149155446097, guid: 2eee17247544577419b87dbd9781c36c, type: 3}
      propertyPath: m_Name
      value: Plant_Mesh (7)
      objectReference: {fileID: 0}
    m_RemovedComponents: []
  m_SourcePrefab: {fileID: 100100000, guid: 2eee17247544577419b87dbd9781c36c, type: 3}
--- !u!4 &3043785675132090391 stripped
Transform:
  m_CorrespondingSourceObject: {fileID: -8679921383154817045, guid: 2eee17247544577419b87dbd9781c36c, type: 3}
  m_PrefabInstance: {fileID: 3294114350986878972}
  m_PrefabAsset: {fileID: 0}
--- !u!1001 &3499451177543883935
PrefabInstance:
  m_ObjectHideFlags: 0
  serializedVersion: 2
  m_Modification:
    m_TransformParent: {fileID: 3819178258238986486}
    m_Modifications:
    - target: {fileID: -8679921383154817045, guid: 2eee17247544577419b87dbd9781c36c, type: 3}
      propertyPath: m_RootOrder
      value: 2
      objectReference: {fileID: 0}
    - target: {fileID: -8679921383154817045, guid: 2eee17247544577419b87dbd9781c36c, type: 3}
      propertyPath: m_LocalScale.x
      value: 1.8152312
      objectReference: {fileID: 0}
    - target: {fileID: -8679921383154817045, guid: 2eee17247544577419b87dbd9781c36c, type: 3}
      propertyPath: m_LocalScale.y
      value: 1.8738421
      objectReference: {fileID: 0}
    - target: {fileID: -8679921383154817045, guid: 2eee17247544577419b87dbd9781c36c, type: 3}
      propertyPath: m_LocalScale.z
      value: 0.91498387
      objectReference: {fileID: 0}
    - target: {fileID: -8679921383154817045, guid: 2eee17247544577419b87dbd9781c36c, type: 3}
      propertyPath: m_LocalPosition.x
      value: 1.1994312
      objectReference: {fileID: 0}
    - target: {fileID: -8679921383154817045, guid: 2eee17247544577419b87dbd9781c36c, type: 3}
      propertyPath: m_LocalPosition.y
      value: -1.4386368
      objectReference: {fileID: 0}
    - target: {fileID: -8679921383154817045, guid: 2eee17247544577419b87dbd9781c36c, type: 3}
      propertyPath: m_LocalPosition.z
      value: -1.183315
      objectReference: {fileID: 0}
    - target: {fileID: -8679921383154817045, guid: 2eee17247544577419b87dbd9781c36c, type: 3}
      propertyPath: m_LocalRotation.w
      value: -0.06457471
      objectReference: {fileID: 0}
    - target: {fileID: -8679921383154817045, guid: 2eee17247544577419b87dbd9781c36c, type: 3}
      propertyPath: m_LocalRotation.x
      value: 0.11174865
      objectReference: {fileID: 0}
    - target: {fileID: -8679921383154817045, guid: 2eee17247544577419b87dbd9781c36c, type: 3}
      propertyPath: m_LocalRotation.y
      value: 0.99109334
      objectReference: {fileID: 0}
    - target: {fileID: -8679921383154817045, guid: 2eee17247544577419b87dbd9781c36c, type: 3}
      propertyPath: m_LocalRotation.z
      value: -0.032807935
      objectReference: {fileID: 0}
    - target: {fileID: -8679921383154817045, guid: 2eee17247544577419b87dbd9781c36c, type: 3}
      propertyPath: m_LocalEulerAnglesHint.x
      value: 2.9
      objectReference: {fileID: 0}
    - target: {fileID: -8679921383154817045, guid: 2eee17247544577419b87dbd9781c36c, type: 3}
      propertyPath: m_LocalEulerAnglesHint.y
      value: 39.96
      objectReference: {fileID: 0}
    - target: {fileID: -8679921383154817045, guid: 2eee17247544577419b87dbd9781c36c, type: 3}
      propertyPath: m_LocalEulerAnglesHint.z
      value: 13.064
      objectReference: {fileID: 0}
    - target: {fileID: 919132149155446097, guid: 2eee17247544577419b87dbd9781c36c, type: 3}
      propertyPath: m_Name
      value: Plant_Mesh (9)
      objectReference: {fileID: 0}
    m_RemovedComponents: []
  m_SourcePrefab: {fileID: 100100000, guid: 2eee17247544577419b87dbd9781c36c, type: 3}
--- !u!4 &3970544516333452148 stripped
Transform:
  m_CorrespondingSourceObject: {fileID: -8679921383154817045, guid: 2eee17247544577419b87dbd9781c36c, type: 3}
  m_PrefabInstance: {fileID: 3499451177543883935}
  m_PrefabAsset: {fileID: 0}
--- !u!1001 &8890415569863841164
PrefabInstance:
  m_ObjectHideFlags: 0
  serializedVersion: 2
  m_Modification:
    m_TransformParent: {fileID: 3819178258238986486}
    m_Modifications:
    - target: {fileID: -8679921383154817045, guid: 2eee17247544577419b87dbd9781c36c, type: 3}
      propertyPath: m_RootOrder
      value: 4
      objectReference: {fileID: 0}
    - target: {fileID: -8679921383154817045, guid: 2eee17247544577419b87dbd9781c36c, type: 3}
      propertyPath: m_LocalScale.x
      value: 2.5545719
      objectReference: {fileID: 0}
    - target: {fileID: -8679921383154817045, guid: 2eee17247544577419b87dbd9781c36c, type: 3}
      propertyPath: m_LocalScale.y
      value: 1.9040455
      objectReference: {fileID: 0}
    - target: {fileID: -8679921383154817045, guid: 2eee17247544577419b87dbd9781c36c, type: 3}
      propertyPath: m_LocalScale.z
      value: 1.1632688
      objectReference: {fileID: 0}
    - target: {fileID: -8679921383154817045, guid: 2eee17247544577419b87dbd9781c36c, type: 3}
      propertyPath: m_LocalPosition.x
      value: -0.19553955
      objectReference: {fileID: 0}
    - target: {fileID: -8679921383154817045, guid: 2eee17247544577419b87dbd9781c36c, type: 3}
      propertyPath: m_LocalPosition.y
      value: -1.9211502
      objectReference: {fileID: 0}
    - target: {fileID: -8679921383154817045, guid: 2eee17247544577419b87dbd9781c36c, type: 3}
      propertyPath: m_LocalPosition.z
      value: -1.5283909
      objectReference: {fileID: 0}
    - target: {fileID: -8679921383154817045, guid: 2eee17247544577419b87dbd9781c36c, type: 3}
      propertyPath: m_LocalRotation.w
      value: -0.09262181
      objectReference: {fileID: 0}
    - target: {fileID: -8679921383154817045, guid: 2eee17247544577419b87dbd9781c36c, type: 3}
      propertyPath: m_LocalRotation.x
      value: 0.15077636
      objectReference: {fileID: 0}
    - target: {fileID: -8679921383154817045, guid: 2eee17247544577419b87dbd9781c36c, type: 3}
      propertyPath: m_LocalRotation.y
      value: 0.96497554
      objectReference: {fileID: 0}
    - target: {fileID: -8679921383154817045, guid: 2eee17247544577419b87dbd9781c36c, type: 3}
      propertyPath: m_LocalRotation.z
      value: -0.19367485
      objectReference: {fileID: 0}
    - target: {fileID: -8679921383154817045, guid: 2eee17247544577419b87dbd9781c36c, type: 3}
      propertyPath: m_LocalEulerAnglesHint.x
      value: 20.234
      objectReference: {fileID: 0}
    - target: {fileID: -8679921383154817045, guid: 2eee17247544577419b87dbd9781c36c, type: 3}
      propertyPath: m_LocalEulerAnglesHint.y
      value: 46.812
      objectReference: {fileID: 0}
    - target: {fileID: -8679921383154817045, guid: 2eee17247544577419b87dbd9781c36c, type: 3}
      propertyPath: m_LocalEulerAnglesHint.z
      value: 20.387
      objectReference: {fileID: 0}
    - target: {fileID: 919132149155446097, guid: 2eee17247544577419b87dbd9781c36c, type: 3}
      propertyPath: m_Name
      value: Plant_Mesh (11)
      objectReference: {fileID: 0}
    m_RemovedComponents: []
  m_SourcePrefab: {fileID: 100100000, guid: 2eee17247544577419b87dbd9781c36c, type: 3}
--- !u!4 &9001464915154399847 stripped
Transform:
  m_CorrespondingSourceObject: {fileID: -8679921383154817045, guid: 2eee17247544577419b87dbd9781c36c, type: 3}
  m_PrefabInstance: {fileID: 8890415569863841164}
  m_PrefabAsset: {fileID: 0}
