%YAML 1.1
%TAG !u! tag:unity3d.com,2011:
--- !u!1 &599104689535480246
GameObject:
  m_ObjectHideFlags: 0
  m_CorrespondingSourceObject: {fileID: 0}
  m_PrefabInstance: {fileID: 0}
  m_PrefabAsset: {fileID: 0}
  serializedVersion: 6
  m_Component:
  - component: {fileID: 882630578149205329}
  m_Layer: 0
  m_Name: Ocean Inputs
  m_TagString: Untagged
  m_Icon: {fileID: 0}
  m_NavMeshLayer: 0
  m_StaticEditorFlags: 0
  m_IsActive: 1
--- !u!4 &882630578149205329
Transform:
  m_ObjectHideFlags: 0
  m_CorrespondingSourceObject: {fileID: 0}
  m_PrefabInstance: {fileID: 0}
  m_PrefabAsset: {fileID: 0}
  m_GameObject: {fileID: 599104689535480246}
  m_LocalRotation: {x: -0, y: -0, z: -0, w: 1}
  m_LocalPosition: {x: 0, y: 0, z: 0}
  m_LocalScale: {x: 1, y: 1, z: 1}
  m_Children:
  - {fileID: 9181785470390178569}
  m_Father: {fileID: 3822979803945095455}
  m_RootOrder: 0
  m_LocalEulerAnglesHint: {x: 0, y: 0, z: 0}
--- !u!1 &1844322030047397486
GameObject:
  m_ObjectHideFlags: 0
  m_CorrespondingSourceObject: {fileID: 0}
  m_PrefabInstance: {fileID: 0}
  m_PrefabAsset: {fileID: 0}
  serializedVersion: 6
  m_Component:
  - component: {fileID: 3822979803945095455}
  - component: {fileID: 3902436180915390938}
  m_Layer: 0
  m_Name: Ocean
  m_TagString: Untagged
  m_Icon: {fileID: 0}
  m_NavMeshLayer: 0
  m_StaticEditorFlags: 0
  m_IsActive: 1
--- !u!4 &3822979803945095455
Transform:
  m_ObjectHideFlags: 0
  m_CorrespondingSourceObject: {fileID: 0}
  m_PrefabInstance: {fileID: 0}
  m_PrefabAsset: {fileID: 0}
  m_GameObject: {fileID: 1844322030047397486}
  m_LocalRotation: {x: 0, y: 0, z: 0, w: 1}
  m_LocalPosition: {x: 0, y: 1, z: -10}
  m_LocalScale: {x: 1, y: 1, z: 1}
  m_Children:
  - {fileID: 882630578149205329}
  m_Father: {fileID: 0}
  m_RootOrder: 0
  m_LocalEulerAnglesHint: {x: 0, y: 0, z: 0}
--- !u!114 &3902436180915390938
MonoBehaviour:
  m_ObjectHideFlags: 0
  m_CorrespondingSourceObject: {fileID: 0}
  m_PrefabInstance: {fileID: 0}
  m_PrefabAsset: {fileID: 0}
  m_GameObject: {fileID: 1844322030047397486}
  m_Enabled: 1
  m_EditorHideFlags: 0
  m_Script: {fileID: 11500000, guid: dde37eff0f7685f41902f400d1de0c6c, type: 3}
  m_Name: 
  m_EditorClassIdentifier: 
  _viewpoint: {fileID: 0}
  _camera: {fileID: 0}
  _timeProvider: {fileID: 0}
  _primaryLight: {fileID: 0}
  _searchForPrimaryLightOnStartup: 1
  _material: {fileID: 2100000, guid: 85e91954b12319244b394ea8da1fd2f5, type: 2}
  _layerName: Water
  _gravityMultiplier: 1
  _minTexelsPerWave: 3
  _minScale: 8
  _maxScale: 128
  _dropDetailHeightBasedOnWaves: 0.2
  _lodDataResolution: 256
  _geometryDownSampleFactor: 4
  _lodCount: 10
  _underwaterCullLimit: 0.001
  _renderingLayerMask: 255
  _simSettingsAnimatedWaves: {fileID: 11400000, guid: 0915e6357e4854d45a96db168e27fbf5, type: 2}
  _createSeaFloorDepthData: 1
  _createFoamSim: 1
  _simSettingsFoam: {fileID: 11400000, guid: ae7977147434eb04fad1c2e0e1e8c1f1, type: 2}
  _createDynamicWaveSim: 1
  _simSettingsDynamicWaves: {fileID: 11400000, guid: 4f0a1d94188629648a86e172749ee8f3, type: 2}
  _createFlowSim: 1
  _simSettingsFlow: {fileID: 11400000, guid: 26adeb7e8baa63d4888e183b30f64615, type: 2}
  _createShadowData: 1
  _simSettingsShadow: {fileID: 11400000, guid: cd63548c95f31dc42aac5e5a78059671, type: 2}
  _createClipSurfaceData: 1
  _defaultClippingState: 0
  _applyTestMaterial: 0
  _showOceanProxyPlane: 0
  _editModeFPS: 30
  _followSceneCamera: 0
  _attachDebugGUI: 0
  _hideOceanTileGameObjects: 1
  _uniformTiles: 0
  _disableSkirt: 0
--- !u!1 &3111613535057030643
GameObject:
  m_ObjectHideFlags: 0
  m_CorrespondingSourceObject: {fileID: 0}
  m_PrefabInstance: {fileID: 0}
  m_PrefabAsset: {fileID: 0}
  serializedVersion: 6
  m_Component:
  - component: {fileID: 9181785470390178569}
  - component: {fileID: 3714143214020004444}
  m_Layer: 0
  m_Name: Gerstner Waves
  m_TagString: Untagged
  m_Icon: {fileID: 0}
  m_NavMeshLayer: 0
  m_StaticEditorFlags: 0
  m_IsActive: 1
--- !u!4 &9181785470390178569
Transform:
  m_ObjectHideFlags: 0
  m_CorrespondingSourceObject: {fileID: 0}
  m_PrefabInstance: {fileID: 0}
  m_PrefabAsset: {fileID: 0}
  m_GameObject: {fileID: 3111613535057030643}
  m_LocalRotation: {x: 0, y: 0, z: 0, w: 1}
  m_LocalPosition: {x: 0, y: 0, z: 0}
  m_LocalScale: {x: 1, y: 1, z: 1}
  m_Children: []
  m_Father: {fileID: 882630578149205329}
  m_RootOrder: 0
  m_LocalEulerAnglesHint: {x: 0, y: 0, z: 0}
--- !u!114 &3714143214020004444
MonoBehaviour:
  m_ObjectHideFlags: 0
  m_CorrespondingSourceObject: {fileID: 0}
  m_PrefabInstance: {fileID: 0}
  m_PrefabAsset: {fileID: 0}
  m_GameObject: {fileID: 3111613535057030643}
  m_Enabled: 1
  m_EditorHideFlags: 0
  m_Script: {fileID: 11500000, guid: 83cb23af551c5cd4b81f094099c1c6fd, type: 3}
  m_Name: 
  m_EditorClassIdentifier: 
  _spectrum: {fileID: 11400000, guid: cbfeecfaaf418a545a900900c61248e2, type: 2}
  _spectrumFixedAtRuntime: 0
  _waveDirectionHeadingAngle: 77
  _weight: 1
  _respectShallowWaterAttenuation: 1
  _componentsPerOctave: 8
  _randomSeed: 0
  _resolution: 32
  _debugDrawSlicesInEditor: 0
  _subdivisions: 1
  _radius: 50
  _smoothingIterations: 60
  _featherWaveStart: 0.1
  _featherFromSplineEnds: 0
  _waveBuffers: {fileID: 0}
