%YAML 1.1
%TAG !u! tag:unity3d.com,2011:
--- !u!1 &361459007406896315
GameObject:
  m_ObjectHideFlags: 0
  m_CorrespondingSourceObject: {fileID: 0}
  m_PrefabInstance: {fileID: 0}
  m_PrefabAsset: {fileID: 0}
  serializedVersion: 6
  m_Component:
  - component: {fileID: 1287174080650817484}
  - component: {fileID: 6608510577187728792}
  - component: {fileID: 8706486959918689602}
  - component: {fileID: 6778321920658840658}
  m_Layer: 11
  m_Name: Pierre_03_Low.001
  m_TagString: Untagged
  m_Icon: {fileID: 0}
  m_NavMeshLayer: 0
  m_StaticEditorFlags: 2147483647
  m_IsActive: 1
--- !u!4 &1287174080650817484
Transform:
  m_ObjectHideFlags: 0
  m_CorrespondingSourceObject: {fileID: 0}
  m_PrefabInstance: {fileID: 0}
  m_PrefabAsset: {fileID: 0}
  m_GameObject: {fileID: 361459007406896315}
  m_LocalRotation: {x: 0, y: 0, z: 0, w: 1}
  m_LocalPosition: {x: -0.2590847, y: 2.6025488, z: -1.795196}
  m_LocalScale: {x: 1, y: 1, z: 1}
  m_Children:
  - {fileID: 267068278678441117}
  - {fileID: 5593283961877001046}
  m_Father: {fileID: 2055898982079455311}
  m_RootOrder: 0
  m_LocalEulerAnglesHint: {x: 0, y: 0, z: 0}
--- !u!33 &6608510577187728792
MeshFilter:
  m_ObjectHideFlags: 0
  m_CorrespondingSourceObject: {fileID: 0}
  m_PrefabInstance: {fileID: 0}
  m_PrefabAsset: {fileID: 0}
  m_GameObject: {fileID: 361459007406896315}
  m_Mesh: {fileID: 8397146551915122819, guid: 67dc6ff7a5be3a44cb21a55e7c24e333, type: 3}
--- !u!23 &8706486959918689602
MeshRenderer:
  m_ObjectHideFlags: 0
  m_CorrespondingSourceObject: {fileID: 0}
  m_PrefabInstance: {fileID: 0}
  m_PrefabAsset: {fileID: 0}
  m_GameObject: {fileID: 361459007406896315}
  m_Enabled: 1
  m_CastShadows: 1
  m_ReceiveShadows: 1
  m_DynamicOccludee: 1
  m_StaticShadowCaster: 0
  m_MotionVectors: 1
  m_LightProbeUsage: 1
  m_ReflectionProbeUsage: 1
  m_RayTracingMode: 2
  m_RayTraceProcedural: 0
  m_RenderingLayerMask: 257
  m_RendererPriority: 0
  m_Materials:
  - {fileID: 2100000, guid: 4bc707308cef73d46b623a9a6362ae4f, type: 2}
  m_StaticBatchInfo:
    firstSubMesh: 0
    subMeshCount: 0
  m_StaticBatchRoot: {fileID: 0}
  m_ProbeAnchor: {fileID: 0}
  m_LightProbeVolumeOverride: {fileID: 0}
  m_ScaleInLightmap: 1
  m_ReceiveGI: 1
  m_PreserveUVs: 0
  m_IgnoreNormalsForChartDetection: 0
  m_ImportantGI: 0
  m_StitchLightmapSeams: 1
  m_SelectedEditorRenderState: 3
  m_MinimumChartSize: 4
  m_AutoUVMaxDistance: 0.5
  m_AutoUVMaxAngle: 89
  m_LightmapParameters: {fileID: 0}
  m_SortingLayerID: 0
  m_SortingLayer: 0
  m_SortingOrder: 0
  m_AdditionalVertexStreams: {fileID: 0}
--- !u!64 &6778321920658840658
MeshCollider:
  m_ObjectHideFlags: 0
  m_CorrespondingSourceObject: {fileID: 0}
  m_PrefabInstance: {fileID: 0}
  m_PrefabAsset: {fileID: 0}
  m_GameObject: {fileID: 361459007406896315}
  m_Material: {fileID: 13400000, guid: 37f964b872460664c9e3127a2ca94a69, type: 2}
  m_IsTrigger: 0
  m_Enabled: 1
  serializedVersion: 4
  m_Convex: 1
  m_CookingOptions: 30
  m_Mesh: {fileID: 8397146551915122819, guid: 67dc6ff7a5be3a44cb21a55e7c24e333, type: 3}
--- !u!1 &565572492562794197
GameObject:
  m_ObjectHideFlags: 0
  m_CorrespondingSourceObject: {fileID: 0}
  m_PrefabInstance: {fileID: 0}
  m_PrefabAsset: {fileID: 0}
  serializedVersion: 6
  m_Component:
  - component: {fileID: 311567806471025951}
  - component: {fileID: 3900215070200488524}
  - component: {fileID: 6836698978271024150}
  - component: {fileID: 4697284662602891462}
  m_Layer: 11
  m_Name: Piette_02_Low.005
  m_TagString: Untagged
  m_Icon: {fileID: 0}
  m_NavMeshLayer: 0
  m_StaticEditorFlags: 2147483647
  m_IsActive: 1
--- !u!4 &311567806471025951
Transform:
  m_ObjectHideFlags: 0
  m_CorrespondingSourceObject: {fileID: 0}
  m_PrefabInstance: {fileID: 0}
  m_PrefabAsset: {fileID: 0}
  m_GameObject: {fileID: 565572492562794197}
  m_LocalRotation: {x: 0, y: 0, z: 0, w: 1}
  m_LocalPosition: {x: 1.9402092, y: 1.8775933, z: 1.2587061}
  m_LocalScale: {x: 1, y: 1, z: 1}
  m_Children:
  - {fileID: 5744117661264829010}
  - {fileID: 2346536944122494118}
  m_Father: {fileID: 2055898982079455311}
  m_RootOrder: 3
  m_LocalEulerAnglesHint: {x: 0, y: 0, z: 0}
--- !u!33 &3900215070200488524
MeshFilter:
  m_ObjectHideFlags: 0
  m_CorrespondingSourceObject: {fileID: 0}
  m_PrefabInstance: {fileID: 0}
  m_PrefabAsset: {fileID: 0}
  m_GameObject: {fileID: 565572492562794197}
  m_Mesh: {fileID: 4974406899108109625, guid: 67dc6ff7a5be3a44cb21a55e7c24e333, type: 3}
--- !u!23 &6836698978271024150
MeshRenderer:
  m_ObjectHideFlags: 0
  m_CorrespondingSourceObject: {fileID: 0}
  m_PrefabInstance: {fileID: 0}
  m_PrefabAsset: {fileID: 0}
  m_GameObject: {fileID: 565572492562794197}
  m_Enabled: 1
  m_CastShadows: 1
  m_ReceiveShadows: 1
  m_DynamicOccludee: 1
  m_StaticShadowCaster: 0
  m_MotionVectors: 1
  m_LightProbeUsage: 1
  m_ReflectionProbeUsage: 1
  m_RayTracingMode: 2
  m_RayTraceProcedural: 0
  m_RenderingLayerMask: 257
  m_RendererPriority: 0
  m_Materials:
  - {fileID: 2100000, guid: 4bc707308cef73d46b623a9a6362ae4f, type: 2}
  m_StaticBatchInfo:
    firstSubMesh: 0
    subMeshCount: 0
  m_StaticBatchRoot: {fileID: 0}
  m_ProbeAnchor: {fileID: 0}
  m_LightProbeVolumeOverride: {fileID: 0}
  m_ScaleInLightmap: 1
  m_ReceiveGI: 1
  m_PreserveUVs: 0
  m_IgnoreNormalsForChartDetection: 0
  m_ImportantGI: 0
  m_StitchLightmapSeams: 1
  m_SelectedEditorRenderState: 3
  m_MinimumChartSize: 4
  m_AutoUVMaxDistance: 0.5
  m_AutoUVMaxAngle: 89
  m_LightmapParameters: {fileID: 0}
  m_SortingLayerID: 0
  m_SortingLayer: 0
  m_SortingOrder: 0
  m_AdditionalVertexStreams: {fileID: 0}
--- !u!64 &4697284662602891462
MeshCollider:
  m_ObjectHideFlags: 0
  m_CorrespondingSourceObject: {fileID: 0}
  m_PrefabInstance: {fileID: 0}
  m_PrefabAsset: {fileID: 0}
  m_GameObject: {fileID: 565572492562794197}
  m_Material: {fileID: 13400000, guid: 37f964b872460664c9e3127a2ca94a69, type: 2}
  m_IsTrigger: 0
  m_Enabled: 1
  serializedVersion: 4
  m_Convex: 1
  m_CookingOptions: 30
  m_Mesh: {fileID: 4974406899108109625, guid: 67dc6ff7a5be3a44cb21a55e7c24e333, type: 3}
--- !u!1 &1352416782095215321
GameObject:
  m_ObjectHideFlags: 0
  m_CorrespondingSourceObject: {fileID: 0}
  m_PrefabInstance: {fileID: 0}
  m_PrefabAsset: {fileID: 0}
  serializedVersion: 6
  m_Component:
  - component: {fileID: 7906428835915513571}
  - component: {fileID: 4819855902820421522}
  m_Layer: 11
  m_Name: Pierre_03_Low.006
  m_TagString: Untagged
  m_Icon: {fileID: 0}
  m_NavMeshLayer: 0
  m_StaticEditorFlags: 0
  m_IsActive: 1
--- !u!4 &7906428835915513571
Transform:
  m_ObjectHideFlags: 0
  m_CorrespondingSourceObject: {fileID: 0}
  m_PrefabInstance: {fileID: 0}
  m_PrefabAsset: {fileID: 0}
  m_GameObject: {fileID: 1352416782095215321}
  m_LocalRotation: {x: -0, y: -0, z: -0, w: 1}
  m_LocalPosition: {x: 0, y: 0, z: 0}
  m_LocalScale: {x: 1, y: 1, z: 1}
  m_Children: []
  m_Father: {fileID: 4738582557097982967}
  m_RootOrder: 0
  m_LocalEulerAnglesHint: {x: 0, y: 0, z: 0}
--- !u!64 &4819855902820421522
MeshCollider:
  m_ObjectHideFlags: 0
  m_CorrespondingSourceObject: {fileID: 0}
  m_PrefabInstance: {fileID: 0}
  m_PrefabAsset: {fileID: 0}
  m_GameObject: {fileID: 1352416782095215321}
  m_Material: {fileID: 13400000, guid: 37f964b872460664c9e3127a2ca94a69, type: 2}
  m_IsTrigger: 0
  m_Enabled: 1
  serializedVersion: 4
  m_Convex: 1
  m_CookingOptions: 30
  m_Mesh: {fileID: 5127070346000464931, guid: f63817443fc867745bbf96fb5baadade, type: 3}
--- !u!1 &1432804130256920505
GameObject:
  m_ObjectHideFlags: 0
  m_CorrespondingSourceObject: {fileID: 0}
  m_PrefabInstance: {fileID: 0}
  m_PrefabAsset: {fileID: 0}
  serializedVersion: 6
  m_Component:
  - component: {fileID: 4738582557097982967}
  - component: {fileID: 4624926078774751508}
  - component: {fileID: 8278272141258317556}
  - component: {fileID: 3806167994662659989}
  m_Layer: 11
  m_Name: Pierre_03_Low.002
  m_TagString: Untagged
  m_Icon: {fileID: 0}
  m_NavMeshLayer: 0
  m_StaticEditorFlags: 2147483647
  m_IsActive: 1
--- !u!4 &4738582557097982967
Transform:
  m_ObjectHideFlags: 0
  m_CorrespondingSourceObject: {fileID: 0}
  m_PrefabInstance: {fileID: 0}
  m_PrefabAsset: {fileID: 0}
  m_GameObject: {fileID: 1432804130256920505}
  m_LocalRotation: {x: 0, y: 0, z: 0, w: 1}
  m_LocalPosition: {x: -1.1546929, y: 2.23, z: 1.8784847}
  m_LocalScale: {x: 1, y: 1, z: 1}
  m_Children:
  - {fileID: 7906428835915513571}
  m_Father: {fileID: 2055898982079455311}
  m_RootOrder: 1
  m_LocalEulerAnglesHint: {x: 0, y: 0, z: 0}
--- !u!33 &4624926078774751508
MeshFilter:
  m_ObjectHideFlags: 0
  m_CorrespondingSourceObject: {fileID: 0}
  m_PrefabInstance: {fileID: 0}
  m_PrefabAsset: {fileID: 0}
  m_GameObject: {fileID: 1432804130256920505}
  m_Mesh: {fileID: 6247856317048727648, guid: 67dc6ff7a5be3a44cb21a55e7c24e333, type: 3}
--- !u!23 &8278272141258317556
MeshRenderer:
  m_ObjectHideFlags: 0
  m_CorrespondingSourceObject: {fileID: 0}
  m_PrefabInstance: {fileID: 0}
  m_PrefabAsset: {fileID: 0}
  m_GameObject: {fileID: 1432804130256920505}
  m_Enabled: 1
  m_CastShadows: 1
  m_ReceiveShadows: 1
  m_DynamicOccludee: 1
  m_StaticShadowCaster: 0
  m_MotionVectors: 1
  m_LightProbeUsage: 1
  m_ReflectionProbeUsage: 1
  m_RayTracingMode: 2
  m_RayTraceProcedural: 0
  m_RenderingLayerMask: 257
  m_RendererPriority: 0
  m_Materials:
  - {fileID: 2100000, guid: 4bc707308cef73d46b623a9a6362ae4f, type: 2}
  m_StaticBatchInfo:
    firstSubMesh: 0
    subMeshCount: 0
  m_StaticBatchRoot: {fileID: 0}
  m_ProbeAnchor: {fileID: 0}
  m_LightProbeVolumeOverride: {fileID: 0}
  m_ScaleInLightmap: 1
  m_ReceiveGI: 1
  m_PreserveUVs: 0
  m_IgnoreNormalsForChartDetection: 0
  m_ImportantGI: 0
  m_StitchLightmapSeams: 1
  m_SelectedEditorRenderState: 3
  m_MinimumChartSize: 4
  m_AutoUVMaxDistance: 0.5
  m_AutoUVMaxAngle: 89
  m_LightmapParameters: {fileID: 0}
  m_SortingLayerID: 0
  m_SortingLayer: 0
  m_SortingOrder: 0
  m_AdditionalVertexStreams: {fileID: 0}
--- !u!64 &3806167994662659989
MeshCollider:
  m_ObjectHideFlags: 0
  m_CorrespondingSourceObject: {fileID: 0}
  m_PrefabInstance: {fileID: 0}
  m_PrefabAsset: {fileID: 0}
  m_GameObject: {fileID: 1432804130256920505}
  m_Material: {fileID: 13400000, guid: 37f964b872460664c9e3127a2ca94a69, type: 2}
  m_IsTrigger: 0
  m_Enabled: 1
  serializedVersion: 4
  m_Convex: 1
  m_CookingOptions: 30
  m_Mesh: {fileID: 6247856317048727648, guid: 67dc6ff7a5be3a44cb21a55e7c24e333, type: 3}
--- !u!1 &1712447131377122037
GameObject:
  m_ObjectHideFlags: 0
  m_CorrespondingSourceObject: {fileID: 0}
  m_PrefabInstance: {fileID: 0}
  m_PrefabAsset: {fileID: 0}
  serializedVersion: 6
  m_Component:
  - component: {fileID: 2055898982079455311}
  m_Layer: 11
  m_Name: Reef_Comp_Sharp_A
  m_TagString: Untagged
  m_Icon: {fileID: 0}
  m_NavMeshLayer: 0
  m_StaticEditorFlags: 2147483647
  m_IsActive: 1
--- !u!4 &2055898982079455311
Transform:
  m_ObjectHideFlags: 0
  m_CorrespondingSourceObject: {fileID: 0}
  m_PrefabInstance: {fileID: 0}
  m_PrefabAsset: {fileID: 0}
  m_GameObject: {fileID: 1712447131377122037}
  m_LocalRotation: {x: 0, y: 0, z: 0, w: 1}
  m_LocalPosition: {x: 0, y: 0, z: 0}
  m_LocalScale: {x: 1, y: 1, z: 1}
  m_Children:
  - {fileID: 1287174080650817484}
  - {fileID: 4738582557097982967}
  - {fileID: 2479077299088813499}
  - {fileID: 311567806471025951}
  m_Father: {fileID: 0}
  m_RootOrder: 0
  m_LocalEulerAnglesHint: {x: 0, y: 0, z: 0}
--- !u!1 &3135129345090379296
GameObject:
  m_ObjectHideFlags: 0
  m_CorrespondingSourceObject: {fileID: 0}
  m_PrefabInstance: {fileID: 0}
  m_PrefabAsset: {fileID: 0}
  serializedVersion: 6
  m_Component:
  - component: {fileID: 522687144206092172}
  - component: {fileID: 4490795559642224295}
  m_Layer: 11
  m_Name: Piette_02_Low.014
  m_TagString: Untagged
  m_Icon: {fileID: 0}
  m_NavMeshLayer: 0
  m_StaticEditorFlags: 0
  m_IsActive: 1
--- !u!4 &522687144206092172
Transform:
  m_ObjectHideFlags: 0
  m_CorrespondingSourceObject: {fileID: 0}
  m_PrefabInstance: {fileID: 0}
  m_PrefabAsset: {fileID: 0}
  m_GameObject: {fileID: 3135129345090379296}
  m_LocalRotation: {x: -0, y: -0, z: -0, w: 1}
  m_LocalPosition: {x: 0, y: 0, z: 0}
  m_LocalScale: {x: 1, y: 1, z: 1}
  m_Children: []
  m_Father: {fileID: 2479077299088813499}
  m_RootOrder: 0
  m_LocalEulerAnglesHint: {x: 0, y: 0, z: 0}
--- !u!64 &4490795559642224295
MeshCollider:
  m_ObjectHideFlags: 0
  m_CorrespondingSourceObject: {fileID: 0}
  m_PrefabInstance: {fileID: 0}
  m_PrefabAsset: {fileID: 0}
  m_GameObject: {fileID: 3135129345090379296}
  m_Material: {fileID: 13400000, guid: 37f964b872460664c9e3127a2ca94a69, type: 2}
  m_IsTrigger: 0
  m_Enabled: 1
  serializedVersion: 4
  m_Convex: 1
  m_CookingOptions: 30
  m_Mesh: {fileID: -5069809340403649594, guid: f63817443fc867745bbf96fb5baadade, type: 3}
--- !u!1 &4568872571410110307
GameObject:
  m_ObjectHideFlags: 0
  m_CorrespondingSourceObject: {fileID: 0}
  m_PrefabInstance: {fileID: 0}
  m_PrefabAsset: {fileID: 0}
  serializedVersion: 6
  m_Component:
  - component: {fileID: 5593283961877001046}
  m_Layer: 0
  m_Name: Plants.002
  m_TagString: Untagged
  m_Icon: {fileID: 0}
  m_NavMeshLayer: 0
  m_StaticEditorFlags: 0
  m_IsActive: 1
--- !u!4 &5593283961877001046
Transform:
  m_ObjectHideFlags: 0
  m_CorrespondingSourceObject: {fileID: 0}
  m_PrefabInstance: {fileID: 0}
  m_PrefabAsset: {fileID: 0}
  m_GameObject: {fileID: 4568872571410110307}
  m_LocalRotation: {x: -0, y: -0, z: -0, w: 1}
  m_LocalPosition: {x: -2.5649152, y: 0.9804511, z: -0.86580396}
  m_LocalScale: {x: 1, y: 1, z: 1}
  m_Children:
  - {fileID: 8266947361128694377}
  - {fileID: 2112428473597010903}
  - {fileID: 1294048794887607681}
  m_Father: {fileID: 1287174080650817484}
  m_RootOrder: 1
  m_LocalEulerAnglesHint: {x: 0, y: 0, z: 0}
--- !u!1 &4919432143813691360
GameObject:
  m_ObjectHideFlags: 0
  m_CorrespondingSourceObject: {fileID: 0}
  m_PrefabInstance: {fileID: 0}
  m_PrefabAsset: {fileID: 0}
  serializedVersion: 6
  m_Component:
  - component: {fileID: 5744117661264829010}
  - component: {fileID: 4561575382581995361}
  m_Layer: 11
  m_Name: Piette_02_Low.013
  m_TagString: Untagged
  m_Icon: {fileID: 0}
  m_NavMeshLayer: 0
  m_StaticEditorFlags: 0
  m_IsActive: 1
--- !u!4 &5744117661264829010
Transform:
  m_ObjectHideFlags: 0
  m_CorrespondingSourceObject: {fileID: 0}
  m_PrefabInstance: {fileID: 0}
  m_PrefabAsset: {fileID: 0}
  m_GameObject: {fileID: 4919432143813691360}
  m_LocalRotation: {x: -0, y: -0, z: -0, w: 1}
  m_LocalPosition: {x: 0, y: 0, z: 0}
  m_LocalScale: {x: 1, y: 1, z: 1}
  m_Children: []
  m_Father: {fileID: 311567806471025951}
  m_RootOrder: 0
  m_LocalEulerAnglesHint: {x: 0, y: 0, z: 0}
--- !u!64 &4561575382581995361
MeshCollider:
  m_ObjectHideFlags: 0
  m_CorrespondingSourceObject: {fileID: 0}
  m_PrefabInstance: {fileID: 0}
  m_PrefabAsset: {fileID: 0}
  m_GameObject: {fileID: 4919432143813691360}
  m_Material: {fileID: 13400000, guid: 37f964b872460664c9e3127a2ca94a69, type: 2}
  m_IsTrigger: 0
  m_Enabled: 1
  serializedVersion: 4
  m_Convex: 1
  m_CookingOptions: 30
  m_Mesh: {fileID: 317348839490296775, guid: f63817443fc867745bbf96fb5baadade, type: 3}
--- !u!1 &6681628093333470247
GameObject:
  m_ObjectHideFlags: 0
  m_CorrespondingSourceObject: {fileID: 0}
  m_PrefabInstance: {fileID: 0}
  m_PrefabAsset: {fileID: 0}
  serializedVersion: 6
  m_Component:
  - component: {fileID: 2346536944122494118}
  m_Layer: 0
  m_Name: Plants.001
  m_TagString: Untagged
  m_Icon: {fileID: 0}
  m_NavMeshLayer: 0
  m_StaticEditorFlags: 0
  m_IsActive: 1
--- !u!4 &2346536944122494118
Transform:
  m_ObjectHideFlags: 0
  m_CorrespondingSourceObject: {fileID: 0}
  m_PrefabInstance: {fileID: 0}
  m_PrefabAsset: {fileID: 0}
  m_GameObject: {fileID: 6681628093333470247}
  m_LocalRotation: {x: -0, y: -0, z: -0, w: 1}
  m_LocalPosition: {x: -2.267209, y: 3.6174066, z: -0.44970608}
  m_LocalScale: {x: 1, y: 1, z: 1}
  m_Children:
  - {fileID: 7689007562941937013}
  - {fileID: 5808499252871139219}
  - {fileID: 7261042348265664034}
  - {fileID: 1846213562944895258}
  m_Father: {fileID: 311567806471025951}
  m_RootOrder: 1
  m_LocalEulerAnglesHint: {x: 0, y: 0, z: 0}
--- !u!1 &7799473170193099085
GameObject:
  m_ObjectHideFlags: 0
  m_CorrespondingSourceObject: {fileID: 0}
  m_PrefabInstance: {fileID: 0}
  m_PrefabAsset: {fileID: 0}
  serializedVersion: 6
  m_Component:
  - component: {fileID: 267068278678441117}
  - component: {fileID: 2726997290035473149}
  m_Layer: 11
  m_Name: Pierre_03_Low.004
  m_TagString: Untagged
  m_Icon: {fileID: 0}
  m_NavMeshLayer: 0
  m_StaticEditorFlags: 0
  m_IsActive: 1
--- !u!4 &267068278678441117
Transform:
  m_ObjectHideFlags: 0
  m_CorrespondingSourceObject: {fileID: 0}
  m_PrefabInstance: {fileID: 0}
  m_PrefabAsset: {fileID: 0}
  m_GameObject: {fileID: 7799473170193099085}
  m_LocalRotation: {x: -0, y: -0, z: -0, w: 1}
  m_LocalPosition: {x: 0, y: 0, z: 0}
  m_LocalScale: {x: 1, y: 1, z: 1}
  m_Children: []
  m_Father: {fileID: 1287174080650817484}
  m_RootOrder: 0
  m_LocalEulerAnglesHint: {x: 0, y: 0, z: 0}
--- !u!64 &2726997290035473149
MeshCollider:
  m_ObjectHideFlags: 0
  m_CorrespondingSourceObject: {fileID: 0}
  m_PrefabInstance: {fileID: 0}
  m_PrefabAsset: {fileID: 0}
  m_GameObject: {fileID: 7799473170193099085}
  m_Material: {fileID: 13400000, guid: 37f964b872460664c9e3127a2ca94a69, type: 2}
  m_IsTrigger: 0
  m_Enabled: 1
  serializedVersion: 4
  m_Convex: 1
  m_CookingOptions: 30
  m_Mesh: {fileID: 8643331289069810772, guid: f63817443fc867745bbf96fb5baadade, type: 3}
--- !u!1 &8151150075237321221
GameObject:
  m_ObjectHideFlags: 0
  m_CorrespondingSourceObject: {fileID: 0}
  m_PrefabInstance: {fileID: 0}
  m_PrefabAsset: {fileID: 0}
  serializedVersion: 6
  m_Component:
  - component: {fileID: 2479077299088813499}
  - component: {fileID: 1453978060482165653}
  - component: {fileID: 7811601049917985488}
  - component: {fileID: 4799977512880020410}
  m_Layer: 11
  m_Name: Piette_02_Low.001
  m_TagString: Untagged
  m_Icon: {fileID: 0}
  m_NavMeshLayer: 0
  m_StaticEditorFlags: 2147483647
  m_IsActive: 1
--- !u!4 &2479077299088813499
Transform:
  m_ObjectHideFlags: 0
  m_CorrespondingSourceObject: {fileID: 0}
  m_PrefabInstance: {fileID: 0}
  m_PrefabAsset: {fileID: 0}
  m_GameObject: {fileID: 8151150075237321221}
  m_LocalRotation: {x: 0, y: 0, z: 0, w: 1}
  m_LocalPosition: {x: -0.52643156, y: 0.04487586, z: -1.3419948}
  m_LocalScale: {x: 1, y: 1, z: 1}
  m_Children:
  - {fileID: 522687144206092172}
  - {fileID: 4064238913879596123}
  m_Father: {fileID: 2055898982079455311}
  m_RootOrder: 2
  m_LocalEulerAnglesHint: {x: 0, y: 0, z: 0}
--- !u!33 &1453978060482165653
MeshFilter:
  m_ObjectHideFlags: 0
  m_CorrespondingSourceObject: {fileID: 0}
  m_PrefabInstance: {fileID: 0}
  m_PrefabAsset: {fileID: 0}
  m_GameObject: {fileID: 8151150075237321221}
  m_Mesh: {fileID: -7788684562047371964, guid: 67dc6ff7a5be3a44cb21a55e7c24e333, type: 3}
--- !u!23 &7811601049917985488
MeshRenderer:
  m_ObjectHideFlags: 0
  m_CorrespondingSourceObject: {fileID: 0}
  m_PrefabInstance: {fileID: 0}
  m_PrefabAsset: {fileID: 0}
  m_GameObject: {fileID: 8151150075237321221}
  m_Enabled: 1
  m_CastShadows: 1
  m_ReceiveShadows: 1
  m_DynamicOccludee: 1
  m_StaticShadowCaster: 0
  m_MotionVectors: 1
  m_LightProbeUsage: 1
  m_ReflectionProbeUsage: 1
  m_RayTracingMode: 2
  m_RayTraceProcedural: 0
  m_RenderingLayerMask: 257
  m_RendererPriority: 0
  m_Materials:
  - {fileID: 2100000, guid: 4bc707308cef73d46b623a9a6362ae4f, type: 2}
  m_StaticBatchInfo:
    firstSubMesh: 0
    subMeshCount: 0
  m_StaticBatchRoot: {fileID: 0}
  m_ProbeAnchor: {fileID: 0}
  m_LightProbeVolumeOverride: {fileID: 0}
  m_ScaleInLightmap: 1
  m_ReceiveGI: 1
  m_PreserveUVs: 0
  m_IgnoreNormalsForChartDetection: 0
  m_ImportantGI: 0
  m_StitchLightmapSeams: 1
  m_SelectedEditorRenderState: 3
  m_MinimumChartSize: 4
  m_AutoUVMaxDistance: 0.5
  m_AutoUVMaxAngle: 89
  m_LightmapParameters: {fileID: 0}
  m_SortingLayerID: 0
  m_SortingLayer: 0
  m_SortingOrder: 0
  m_AdditionalVertexStreams: {fileID: 0}
--- !u!64 &4799977512880020410
MeshCollider:
  m_ObjectHideFlags: 0
  m_CorrespondingSourceObject: {fileID: 0}
  m_PrefabInstance: {fileID: 0}
  m_PrefabAsset: {fileID: 0}
  m_GameObject: {fileID: 8151150075237321221}
  m_Material: {fileID: 13400000, guid: 37f964b872460664c9e3127a2ca94a69, type: 2}
  m_IsTrigger: 0
  m_Enabled: 1
  serializedVersion: 4
  m_Convex: 1
  m_CookingOptions: 30
  m_Mesh: {fileID: -7788684562047371964, guid: 67dc6ff7a5be3a44cb21a55e7c24e333, type: 3}
--- !u!1 &8925551222329338459
GameObject:
  m_ObjectHideFlags: 0
  m_CorrespondingSourceObject: {fileID: 0}
  m_PrefabInstance: {fileID: 0}
  m_PrefabAsset: {fileID: 0}
  serializedVersion: 6
  m_Component:
  - component: {fileID: 4064238913879596123}
  m_Layer: 0
  m_Name: Plants.003
  m_TagString: Untagged
  m_Icon: {fileID: 0}
  m_NavMeshLayer: 0
  m_StaticEditorFlags: 0
  m_IsActive: 1
--- !u!4 &4064238913879596123
Transform:
  m_ObjectHideFlags: 0
  m_CorrespondingSourceObject: {fileID: 0}
  m_PrefabInstance: {fileID: 0}
  m_PrefabAsset: {fileID: 0}
  m_GameObject: {fileID: 8925551222329338459}
  m_LocalRotation: {x: -0, y: -0, z: -0, w: 1}
  m_LocalPosition: {x: -2.4535685, y: 4.1951237, z: 0.8919948}
  m_LocalScale: {x: 1, y: 1, z: 1}
  m_Children:
  - {fileID: 6040208632385651920}
  - {fileID: 703619309378285365}
  - {fileID: 7461627321717498296}
  - {fileID: 1087135924200042453}
  m_Father: {fileID: 2479077299088813499}
  m_RootOrder: 1
  m_LocalEulerAnglesHint: {x: 0, y: 0, z: 0}
--- !u!1001 &1791737117275123979
PrefabInstance:
  m_ObjectHideFlags: 0
  serializedVersion: 2
  m_Modification:
    m_TransformParent: {fileID: 4064238913879596123}
    m_Modifications:
    - target: {fileID: 5408443640178062811, guid: b35734fcc348b61429e718cbacf6e4fc, type: 3}
      propertyPath: m_RootOrder
      value: 0
      objectReference: {fileID: 0}
    - target: {fileID: 5408443640178062811, guid: b35734fcc348b61429e718cbacf6e4fc, type: 3}
      propertyPath: m_LocalScale.x
      value: 0.30099463
      objectReference: {fileID: 0}
    - target: {fileID: 5408443640178062811, guid: b35734fcc348b61429e718cbacf6e4fc, type: 3}
      propertyPath: m_LocalScale.y
      value: 0.4726518
      objectReference: {fileID: 0}
    - target: {fileID: 5408443640178062811, guid: b35734fcc348b61429e718cbacf6e4fc, type: 3}
      propertyPath: m_LocalScale.z
      value: 0.3009946
      objectReference: {fileID: 0}
    - target: {fileID: 5408443640178062811, guid: b35734fcc348b61429e718cbacf6e4fc, type: 3}
      propertyPath: m_LocalPosition.x
      value: 0.38599992
      objectReference: {fileID: 0}
    - target: {fileID: 5408443640178062811, guid: b35734fcc348b61429e718cbacf6e4fc, type: 3}
      propertyPath: m_LocalPosition.y
      value: 1.4490004
      objectReference: {fileID: 0}
    - target: {fileID: 5408443640178062811, guid: b35734fcc348b61429e718cbacf6e4fc, type: 3}
      propertyPath: m_LocalPosition.z
      value: -0.20300001
      objectReference: {fileID: 0}
    - target: {fileID: 5408443640178062811, guid: b35734fcc348b61429e718cbacf6e4fc, type: 3}
      propertyPath: m_LocalRotation.w
      value: 0.96340436
      objectReference: {fileID: 0}
    - target: {fileID: 5408443640178062811, guid: b35734fcc348b61429e718cbacf6e4fc, type: 3}
      propertyPath: m_LocalRotation.x
      value: -0
      objectReference: {fileID: 0}
    - target: {fileID: 5408443640178062811, guid: b35734fcc348b61429e718cbacf6e4fc, type: 3}
      propertyPath: m_LocalRotation.y
      value: -0
      objectReference: {fileID: 0}
    - target: {fileID: 5408443640178062811, guid: b35734fcc348b61429e718cbacf6e4fc, type: 3}
      propertyPath: m_LocalRotation.z
      value: 0.2680523
      objectReference: {fileID: 0}
    - target: {fileID: 5408443640178062811, guid: b35734fcc348b61429e718cbacf6e4fc, type: 3}
      propertyPath: m_LocalEulerAnglesHint.x
      value: 0
      objectReference: {fileID: 0}
    - target: {fileID: 5408443640178062811, guid: b35734fcc348b61429e718cbacf6e4fc, type: 3}
      propertyPath: m_LocalEulerAnglesHint.y
      value: 0
      objectReference: {fileID: 0}
    - target: {fileID: 5408443640178062811, guid: b35734fcc348b61429e718cbacf6e4fc, type: 3}
      propertyPath: m_LocalEulerAnglesHint.z
      value: 31.097
      objectReference: {fileID: 0}
    - target: {fileID: 8795137910542158615, guid: b35734fcc348b61429e718cbacf6e4fc, type: 3}
      propertyPath: m_Name
      value: Plant_Gr (6)
      objectReference: {fileID: 0}
    m_RemovedComponents: []
  m_SourcePrefab: {fileID: 100100000, guid: b35734fcc348b61429e718cbacf6e4fc, type: 3}
--- !u!4 &6040208632385651920 stripped
Transform:
  m_CorrespondingSourceObject: {fileID: 5408443640178062811, guid: b35734fcc348b61429e718cbacf6e4fc, type: 3}
  m_PrefabInstance: {fileID: 1791737117275123979}
  m_PrefabAsset: {fileID: 0}
--- !u!1001 &1987575755068488264
PrefabInstance:
  m_ObjectHideFlags: 0
  serializedVersion: 2
  m_Modification:
    m_TransformParent: {fileID: 2346536944122494118}
    m_Modifications:
    - target: {fileID: 5408443640178062811, guid: b35734fcc348b61429e718cbacf6e4fc, type: 3}
      propertyPath: m_RootOrder
      value: 1
      objectReference: {fileID: 0}
    - target: {fileID: 5408443640178062811, guid: b35734fcc348b61429e718cbacf6e4fc, type: 3}
      propertyPath: m_LocalScale.x
      value: 0.26330706
      objectReference: {fileID: 0}
    - target: {fileID: 5408443640178062811, guid: b35734fcc348b61429e718cbacf6e4fc, type: 3}
      propertyPath: m_LocalScale.y
      value: 0.2633071
      objectReference: {fileID: 0}
    - target: {fileID: 5408443640178062811, guid: b35734fcc348b61429e718cbacf6e4fc, type: 3}
      propertyPath: m_LocalScale.z
      value: 0.31617913
      objectReference: {fileID: 0}
    - target: {fileID: 5408443640178062811, guid: b35734fcc348b61429e718cbacf6e4fc, type: 3}
      propertyPath: m_LocalPosition.x
      value: 0.73899996
      objectReference: {fileID: 0}
    - target: {fileID: 5408443640178062811, guid: b35734fcc348b61429e718cbacf6e4fc, type: 3}
      propertyPath: m_LocalPosition.y
      value: -0.7869997
      objectReference: {fileID: 0}
    - target: {fileID: 5408443640178062811, guid: b35734fcc348b61429e718cbacf6e4fc, type: 3}
      propertyPath: m_LocalPosition.z
      value: 0.273
      objectReference: {fileID: 0}
    - target: {fileID: 5408443640178062811, guid: b35734fcc348b61429e718cbacf6e4fc, type: 3}
      propertyPath: m_LocalRotation.w
      value: 0.90557283
      objectReference: {fileID: 0}
    - target: {fileID: 5408443640178062811, guid: b35734fcc348b61429e718cbacf6e4fc, type: 3}
      propertyPath: m_LocalRotation.x
      value: 0.12660146
      objectReference: {fileID: 0}
    - target: {fileID: 5408443640178062811, guid: b35734fcc348b61429e718cbacf6e4fc, type: 3}
      propertyPath: m_LocalRotation.y
      value: 0.4047067
      objectReference: {fileID: 0}
    - target: {fileID: 5408443640178062811, guid: b35734fcc348b61429e718cbacf6e4fc, type: 3}
      propertyPath: m_LocalRotation.z
      value: 0.011068435
      objectReference: {fileID: 0}
    - target: {fileID: 5408443640178062811, guid: b35734fcc348b61429e718cbacf6e4fc, type: 3}
      propertyPath: m_LocalEulerAnglesHint.x
      value: 12.729
      objectReference: {fileID: 0}
    - target: {fileID: 5408443640178062811, guid: b35734fcc348b61429e718cbacf6e4fc, type: 3}
      propertyPath: m_LocalEulerAnglesHint.y
      value: 48.966
      objectReference: {fileID: 0}
    - target: {fileID: 5408443640178062811, guid: b35734fcc348b61429e718cbacf6e4fc, type: 3}
      propertyPath: m_LocalEulerAnglesHint.z
      value: 7.216
      objectReference: {fileID: 0}
    - target: {fileID: 8795137910542158615, guid: b35734fcc348b61429e718cbacf6e4fc, type: 3}
      propertyPath: m_Name
      value: Plant_Gr (1)
      objectReference: {fileID: 0}
    m_RemovedComponents: []
  m_SourcePrefab: {fileID: 100100000, guid: b35734fcc348b61429e718cbacf6e4fc, type: 3}
--- !u!4 &5808499252871139219 stripped
Transform:
  m_CorrespondingSourceObject: {fileID: 5408443640178062811, guid: b35734fcc348b61429e718cbacf6e4fc, type: 3}
  m_PrefabInstance: {fileID: 1987575755068488264}
  m_PrefabAsset: {fileID: 0}
--- !u!1001 &2430379700958953646
PrefabInstance:
  m_ObjectHideFlags: 0
  serializedVersion: 2
  m_Modification:
    m_TransformParent: {fileID: 2346536944122494118}
    m_Modifications:
    - target: {fileID: 5408443640178062811, guid: b35734fcc348b61429e718cbacf6e4fc, type: 3}
      propertyPath: m_RootOrder
      value: 0
      objectReference: {fileID: 0}
    - target: {fileID: 5408443640178062811, guid: b35734fcc348b61429e718cbacf6e4fc, type: 3}
      propertyPath: m_LocalScale.x
      value: 0.38496312
      objectReference: {fileID: 0}
    - target: {fileID: 5408443640178062811, guid: b35734fcc348b61429e718cbacf6e4fc, type: 3}
      propertyPath: m_LocalScale.y
      value: 0.4228435
      objectReference: {fileID: 0}
    - target: {fileID: 5408443640178062811, guid: b35734fcc348b61429e718cbacf6e4fc, type: 3}
      propertyPath: m_LocalScale.z
      value: 0.28724408
      objectReference: {fileID: 0}
    - target: {fileID: 5408443640178062811, guid: b35734fcc348b61429e718cbacf6e4fc, type: 3}
      propertyPath: m_LocalPosition.x
      value: 0.304
      objectReference: {fileID: 0}
    - target: {fileID: 5408443640178062811, guid: b35734fcc348b61429e718cbacf6e4fc, type: 3}
      propertyPath: m_LocalPosition.y
      value: -0.6409998
      objectReference: {fileID: 0}
    - target: {fileID: 5408443640178062811, guid: b35734fcc348b61429e718cbacf6e4fc, type: 3}
      propertyPath: m_LocalPosition.z
      value: -0.16900003
      objectReference: {fileID: 0}
    - target: {fileID: 5408443640178062811, guid: b35734fcc348b61429e718cbacf6e4fc, type: 3}
      propertyPath: m_LocalRotation.w
      value: 1
      objectReference: {fileID: 0}
    - target: {fileID: 5408443640178062811, guid: b35734fcc348b61429e718cbacf6e4fc, type: 3}
      propertyPath: m_LocalRotation.x
      value: -0
      objectReference: {fileID: 0}
    - target: {fileID: 5408443640178062811, guid: b35734fcc348b61429e718cbacf6e4fc, type: 3}
      propertyPath: m_LocalRotation.y
      value: -0
      objectReference: {fileID: 0}
    - target: {fileID: 5408443640178062811, guid: b35734fcc348b61429e718cbacf6e4fc, type: 3}
      propertyPath: m_LocalRotation.z
      value: -0
      objectReference: {fileID: 0}
    - target: {fileID: 5408443640178062811, guid: b35734fcc348b61429e718cbacf6e4fc, type: 3}
      propertyPath: m_LocalEulerAnglesHint.x
      value: 0
      objectReference: {fileID: 0}
    - target: {fileID: 5408443640178062811, guid: b35734fcc348b61429e718cbacf6e4fc, type: 3}
      propertyPath: m_LocalEulerAnglesHint.y
      value: 0
      objectReference: {fileID: 0}
    - target: {fileID: 5408443640178062811, guid: b35734fcc348b61429e718cbacf6e4fc, type: 3}
      propertyPath: m_LocalEulerAnglesHint.z
      value: 0
      objectReference: {fileID: 0}
    - target: {fileID: 8795137910542158615, guid: b35734fcc348b61429e718cbacf6e4fc, type: 3}
      propertyPath: m_Name
      value: Plant_Gr
      objectReference: {fileID: 0}
    m_RemovedComponents: []
  m_SourcePrefab: {fileID: 100100000, guid: b35734fcc348b61429e718cbacf6e4fc, type: 3}
--- !u!4 &7689007562941937013 stripped
Transform:
  m_CorrespondingSourceObject: {fileID: 5408443640178062811, guid: b35734fcc348b61429e718cbacf6e4fc, type: 3}
  m_PrefabInstance: {fileID: 2430379700958953646}
  m_PrefabAsset: {fileID: 0}
--- !u!1001 &3207583633361245283
PrefabInstance:
  m_ObjectHideFlags: 0
  serializedVersion: 2
  m_Modification:
    m_TransformParent: {fileID: 4064238913879596123}
    m_Modifications:
    - target: {fileID: 5408443640178062811, guid: b35734fcc348b61429e718cbacf6e4fc, type: 3}
      propertyPath: m_RootOrder
      value: 2
      objectReference: {fileID: 0}
    - target: {fileID: 5408443640178062811, guid: b35734fcc348b61429e718cbacf6e4fc, type: 3}
      propertyPath: m_LocalScale.x
      value: 0.43833846
      objectReference: {fileID: 0}
    - target: {fileID: 5408443640178062811, guid: b35734fcc348b61429e718cbacf6e4fc, type: 3}
      propertyPath: m_LocalScale.y
      value: 0.66568285
      objectReference: {fileID: 0}
    - target: {fileID: 5408443640178062811, guid: b35734fcc348b61429e718cbacf6e4fc, type: 3}
      propertyPath: m_LocalScale.z
      value: 0.33416426
      objectReference: {fileID: 0}
    - target: {fileID: 5408443640178062811, guid: b35734fcc348b61429e718cbacf6e4fc, type: 3}
      propertyPath: m_LocalPosition.x
      value: 0.3540001
      objectReference: {fileID: 0}
    - target: {fileID: 5408443640178062811, guid: b35734fcc348b61429e718cbacf6e4fc, type: 3}
      propertyPath: m_LocalPosition.y
      value: -0.61699986
      objectReference: {fileID: 0}
    - target: {fileID: 5408443640178062811, guid: b35734fcc348b61429e718cbacf6e4fc, type: 3}
      propertyPath: m_LocalPosition.z
      value: 0.301
      objectReference: {fileID: 0}
    - target: {fileID: 5408443640178062811, guid: b35734fcc348b61429e718cbacf6e4fc, type: 3}
      propertyPath: m_LocalRotation.w
      value: 0.04639659
      objectReference: {fileID: 0}
    - target: {fileID: 5408443640178062811, guid: b35734fcc348b61429e718cbacf6e4fc, type: 3}
      propertyPath: m_LocalRotation.x
      value: -0.38022587
      objectReference: {fileID: 0}
    - target: {fileID: 5408443640178062811, guid: b35734fcc348b61429e718cbacf6e4fc, type: 3}
      propertyPath: m_LocalRotation.y
      value: 0.9213542
      objectReference: {fileID: 0}
    - target: {fileID: 5408443640178062811, guid: b35734fcc348b61429e718cbacf6e4fc, type: 3}
      propertyPath: m_LocalRotation.z
      value: -0.06619817
      objectReference: {fileID: 0}
    - target: {fileID: 5408443640178062811, guid: b35734fcc348b61429e718cbacf6e4fc, type: 3}
      propertyPath: m_LocalEulerAnglesHint.x
      value: 4.974
      objectReference: {fileID: 0}
    - target: {fileID: 5408443640178062811, guid: b35734fcc348b61429e718cbacf6e4fc, type: 3}
      propertyPath: m_LocalEulerAnglesHint.y
      value: 172.163
      objectReference: {fileID: 0}
    - target: {fileID: 5408443640178062811, guid: b35734fcc348b61429e718cbacf6e4fc, type: 3}
      propertyPath: m_LocalEulerAnglesHint.z
      value: -45.191
      objectReference: {fileID: 0}
    - target: {fileID: 8795137910542158615, guid: b35734fcc348b61429e718cbacf6e4fc, type: 3}
      propertyPath: m_Name
      value: Plant_Gr (8)
      objectReference: {fileID: 0}
    m_RemovedComponents: []
  m_SourcePrefab: {fileID: 100100000, guid: b35734fcc348b61429e718cbacf6e4fc, type: 3}
--- !u!4 &7461627321717498296 stripped
Transform:
  m_CorrespondingSourceObject: {fileID: 5408443640178062811, guid: b35734fcc348b61429e718cbacf6e4fc, type: 3}
  m_PrefabInstance: {fileID: 3207583633361245283}
  m_PrefabAsset: {fileID: 0}
--- !u!1001 &3443777476226571257
PrefabInstance:
  m_ObjectHideFlags: 0
  serializedVersion: 2
  m_Modification:
    m_TransformParent: {fileID: 2346536944122494118}
    m_Modifications:
    - target: {fileID: 5408443640178062811, guid: b35734fcc348b61429e718cbacf6e4fc, type: 3}
      propertyPath: m_RootOrder
      value: 2
      objectReference: {fileID: 0}
    - target: {fileID: 5408443640178062811, guid: b35734fcc348b61429e718cbacf6e4fc, type: 3}
      propertyPath: m_LocalScale.x
      value: 0.26330706
      objectReference: {fileID: 0}
    - target: {fileID: 5408443640178062811, guid: b35734fcc348b61429e718cbacf6e4fc, type: 3}
      propertyPath: m_LocalScale.y
      value: 0.30069667
      objectReference: {fileID: 0}
    - target: {fileID: 5408443640178062811, guid: b35734fcc348b61429e718cbacf6e4fc, type: 3}
      propertyPath: m_LocalScale.z
      value: 0.3161791
      objectReference: {fileID: 0}
    - target: {fileID: 5408443640178062811, guid: b35734fcc348b61429e718cbacf6e4fc, type: 3}
      propertyPath: m_LocalPosition.x
      value: 0.677
      objectReference: {fileID: 0}
    - target: {fileID: 5408443640178062811, guid: b35734fcc348b61429e718cbacf6e4fc, type: 3}
      propertyPath: m_LocalPosition.y
      value: -0.6289997
      objectReference: {fileID: 0}
    - target: {fileID: 5408443640178062811, guid: b35734fcc348b61429e718cbacf6e4fc, type: 3}
      propertyPath: m_LocalPosition.z
      value: -0.619
      objectReference: {fileID: 0}
    - target: {fileID: 5408443640178062811, guid: b35734fcc348b61429e718cbacf6e4fc, type: 3}
      propertyPath: m_LocalRotation.w
      value: 0.591595
      objectReference: {fileID: 0}
    - target: {fileID: 5408443640178062811, guid: b35734fcc348b61429e718cbacf6e4fc, type: 3}
      propertyPath: m_LocalRotation.x
      value: 0.08458321
      objectReference: {fileID: 0}
    - target: {fileID: 5408443640178062811, guid: b35734fcc348b61429e718cbacf6e4fc, type: 3}
      propertyPath: m_LocalRotation.y
      value: 0.7984913
      objectReference: {fileID: 0}
    - target: {fileID: 5408443640178062811, guid: b35734fcc348b61429e718cbacf6e4fc, type: 3}
      propertyPath: m_LocalRotation.z
      value: 0.07261417
      objectReference: {fileID: 0}
    - target: {fileID: 5408443640178062811, guid: b35734fcc348b61429e718cbacf6e4fc, type: 3}
      propertyPath: m_LocalEulerAnglesHint.x
      value: -0.91
      objectReference: {fileID: 0}
    - target: {fileID: 5408443640178062811, guid: b35734fcc348b61429e718cbacf6e4fc, type: 3}
      propertyPath: m_LocalEulerAnglesHint.y
      value: 106.829
      objectReference: {fileID: 0}
    - target: {fileID: 5408443640178062811, guid: b35734fcc348b61429e718cbacf6e4fc, type: 3}
      propertyPath: m_LocalEulerAnglesHint.z
      value: 12.769
      objectReference: {fileID: 0}
    - target: {fileID: 8795137910542158615, guid: b35734fcc348b61429e718cbacf6e4fc, type: 3}
      propertyPath: m_Name
      value: Plant_Gr (2)
      objectReference: {fileID: 0}
    m_RemovedComponents: []
  m_SourcePrefab: {fileID: 100100000, guid: b35734fcc348b61429e718cbacf6e4fc, type: 3}
--- !u!4 &7261042348265664034 stripped
Transform:
  m_CorrespondingSourceObject: {fileID: 5408443640178062811, guid: b35734fcc348b61429e718cbacf6e4fc, type: 3}
  m_PrefabInstance: {fileID: 3443777476226571257}
  m_PrefabAsset: {fileID: 0}
--- !u!1001 &4158157292378093490
PrefabInstance:
  m_ObjectHideFlags: 0
  serializedVersion: 2
  m_Modification:
    m_TransformParent: {fileID: 5593283961877001046}
    m_Modifications:
    - target: {fileID: 5408443640178062811, guid: b35734fcc348b61429e718cbacf6e4fc, type: 3}
      propertyPath: m_RootOrder
      value: 0
      objectReference: {fileID: 0}
    - target: {fileID: 5408443640178062811, guid: b35734fcc348b61429e718cbacf6e4fc, type: 3}
      propertyPath: m_LocalScale.x
      value: 0.26005
      objectReference: {fileID: 0}
    - target: {fileID: 5408443640178062811, guid: b35734fcc348b61429e718cbacf6e4fc, type: 3}
      propertyPath: m_LocalScale.y
      value: 0.45274517
      objectReference: {fileID: 0}
    - target: {fileID: 5408443640178062811, guid: b35734fcc348b61429e718cbacf6e4fc, type: 3}
      propertyPath: m_LocalScale.z
      value: 0.26004997
      objectReference: {fileID: 0}
    - target: {fileID: 5408443640178062811, guid: b35734fcc348b61429e718cbacf6e4fc, type: 3}
      propertyPath: m_LocalPosition.x
      value: 0.67199993
      objectReference: {fileID: 0}
    - target: {fileID: 5408443640178062811, guid: b35734fcc348b61429e718cbacf6e4fc, type: 3}
      propertyPath: m_LocalPosition.y
      value: -0.03999996
      objectReference: {fileID: 0}
    - target: {fileID: 5408443640178062811, guid: b35734fcc348b61429e718cbacf6e4fc, type: 3}
      propertyPath: m_LocalPosition.z
      value: 0.13499999
      objectReference: {fileID: 0}
    - target: {fileID: 5408443640178062811, guid: b35734fcc348b61429e718cbacf6e4fc, type: 3}
      propertyPath: m_LocalRotation.w
      value: 0.8804379
      objectReference: {fileID: 0}
    - target: {fileID: 5408443640178062811, guid: b35734fcc348b61429e718cbacf6e4fc, type: 3}
      propertyPath: m_LocalRotation.x
      value: -0.13886546
      objectReference: {fileID: 0}
    - target: {fileID: 5408443640178062811, guid: b35734fcc348b61429e718cbacf6e4fc, type: 3}
      propertyPath: m_LocalRotation.y
      value: -0.045413878
      objectReference: {fileID: 0}
    - target: {fileID: 5408443640178062811, guid: b35734fcc348b61429e718cbacf6e4fc, type: 3}
      propertyPath: m_LocalRotation.z
      value: 0.45109108
      objectReference: {fileID: 0}
    - target: {fileID: 5408443640178062811, guid: b35734fcc348b61429e718cbacf6e4fc, type: 3}
      propertyPath: m_LocalEulerAnglesHint.x
      value: -11.745
      objectReference: {fileID: 0}
    - target: {fileID: 5408443640178062811, guid: b35734fcc348b61429e718cbacf6e4fc, type: 3}
      propertyPath: m_LocalEulerAnglesHint.y
      value: -12.101
      objectReference: {fileID: 0}
    - target: {fileID: 5408443640178062811, guid: b35734fcc348b61429e718cbacf6e4fc, type: 3}
      propertyPath: m_LocalEulerAnglesHint.z
      value: 55.506
      objectReference: {fileID: 0}
    - target: {fileID: 8795137910542158615, guid: b35734fcc348b61429e718cbacf6e4fc, type: 3}
      propertyPath: m_Name
      value: Plant_Gr (3)
      objectReference: {fileID: 0}
    m_RemovedComponents: []
  m_SourcePrefab: {fileID: 100100000, guid: b35734fcc348b61429e718cbacf6e4fc, type: 3}
--- !u!4 &8266947361128694377 stripped
Transform:
  m_CorrespondingSourceObject: {fileID: 5408443640178062811, guid: b35734fcc348b61429e718cbacf6e4fc, type: 3}
  m_PrefabInstance: {fileID: 4158157292378093490}
  m_PrefabAsset: {fileID: 0}
--- !u!1001 &4813614478557027054
PrefabInstance:
  m_ObjectHideFlags: 0
  serializedVersion: 2
  m_Modification:
    m_TransformParent: {fileID: 4064238913879596123}
    m_Modifications:
    - target: {fileID: 5408443640178062811, guid: b35734fcc348b61429e718cbacf6e4fc, type: 3}
      propertyPath: m_RootOrder
      value: 1
      objectReference: {fileID: 0}
    - target: {fileID: 5408443640178062811, guid: b35734fcc348b61429e718cbacf6e4fc, type: 3}
      propertyPath: m_LocalScale.x
      value: 0.43833837
      objectReference: {fileID: 0}
    - target: {fileID: 5408443640178062811, guid: b35734fcc348b61429e718cbacf6e4fc, type: 3}
      propertyPath: m_LocalScale.y
      value: 0.47265184
      objectReference: {fileID: 0}
    - target: {fileID: 5408443640178062811, guid: b35734fcc348b61429e718cbacf6e4fc, type: 3}
      propertyPath: m_LocalScale.z
      value: 0.30099458
      objectReference: {fileID: 0}
    - target: {fileID: 5408443640178062811, guid: b35734fcc348b61429e718cbacf6e4fc, type: 3}
      propertyPath: m_LocalPosition.x
      value: 0.19000006
      objectReference: {fileID: 0}
    - target: {fileID: 5408443640178062811, guid: b35734fcc348b61429e718cbacf6e4fc, type: 3}
      propertyPath: m_LocalPosition.y
      value: 0.6550002
      objectReference: {fileID: 0}
    - target: {fileID: 5408443640178062811, guid: b35734fcc348b61429e718cbacf6e4fc, type: 3}
      propertyPath: m_LocalPosition.z
      value: 0.067
      objectReference: {fileID: 0}
    - target: {fileID: 5408443640178062811, guid: b35734fcc348b61429e718cbacf6e4fc, type: 3}
      propertyPath: m_LocalRotation.w
      value: 0.8947731
      objectReference: {fileID: 0}
    - target: {fileID: 5408443640178062811, guid: b35734fcc348b61429e718cbacf6e4fc, type: 3}
      propertyPath: m_LocalRotation.x
      value: 0.117793664
      objectReference: {fileID: 0}
    - target: {fileID: 5408443640178062811, guid: b35734fcc348b61429e718cbacf6e4fc, type: 3}
      propertyPath: m_LocalRotation.y
      value: 0.0034779361
      objectReference: {fileID: 0}
    - target: {fileID: 5408443640178062811, guid: b35734fcc348b61429e718cbacf6e4fc, type: 3}
      propertyPath: m_LocalRotation.z
      value: 0.43068975
      objectReference: {fileID: 0}
    - target: {fileID: 5408443640178062811, guid: b35734fcc348b61429e718cbacf6e4fc, type: 3}
      propertyPath: m_LocalEulerAnglesHint.x
      value: 11.994
      objectReference: {fileID: 0}
    - target: {fileID: 5408443640178062811, guid: b35734fcc348b61429e718cbacf6e4fc, type: 3}
      propertyPath: m_LocalEulerAnglesHint.y
      value: 6.321
      objectReference: {fileID: 0}
    - target: {fileID: 5408443640178062811, guid: b35734fcc348b61429e718cbacf6e4fc, type: 3}
      propertyPath: m_LocalEulerAnglesHint.z
      value: 52.071
      objectReference: {fileID: 0}
    - target: {fileID: 8795137910542158615, guid: b35734fcc348b61429e718cbacf6e4fc, type: 3}
      propertyPath: m_Name
      value: Plant_Gr (7)
      objectReference: {fileID: 0}
    m_RemovedComponents: []
  m_SourcePrefab: {fileID: 100100000, guid: b35734fcc348b61429e718cbacf6e4fc, type: 3}
--- !u!4 &703619309378285365 stripped
Transform:
  m_CorrespondingSourceObject: {fileID: 5408443640178062811, guid: b35734fcc348b61429e718cbacf6e4fc, type: 3}
  m_PrefabInstance: {fileID: 4813614478557027054}
  m_PrefabAsset: {fileID: 0}
--- !u!1001 &4906934066467232270
PrefabInstance:
  m_ObjectHideFlags: 0
  serializedVersion: 2
  m_Modification:
    m_TransformParent: {fileID: 4064238913879596123}
    m_Modifications:
    - target: {fileID: 5408443640178062811, guid: b35734fcc348b61429e718cbacf6e4fc, type: 3}
      propertyPath: m_RootOrder
      value: 3
      objectReference: {fileID: 0}
    - target: {fileID: 5408443640178062811, guid: b35734fcc348b61429e718cbacf6e4fc, type: 3}
      propertyPath: m_LocalScale.x
      value: 0.35915703
      objectReference: {fileID: 0}
    - target: {fileID: 5408443640178062811, guid: b35734fcc348b61429e718cbacf6e4fc, type: 3}
      propertyPath: m_LocalScale.y
      value: 0.41329712
      objectReference: {fileID: 0}
    - target: {fileID: 5408443640178062811, guid: b35734fcc348b61429e718cbacf6e4fc, type: 3}
      propertyPath: m_LocalScale.z
      value: 0.1734446
      objectReference: {fileID: 0}
    - target: {fileID: 5408443640178062811, guid: b35734fcc348b61429e718cbacf6e4fc, type: 3}
      propertyPath: m_LocalPosition.x
      value: 0.40199995
      objectReference: {fileID: 0}
    - target: {fileID: 5408443640178062811, guid: b35734fcc348b61429e718cbacf6e4fc, type: 3}
      propertyPath: m_LocalPosition.y
      value: -1.4069998
      objectReference: {fileID: 0}
    - target: {fileID: 5408443640178062811, guid: b35734fcc348b61429e718cbacf6e4fc, type: 3}
      propertyPath: m_LocalPosition.z
      value: 0.434
      objectReference: {fileID: 0}
    - target: {fileID: 5408443640178062811, guid: b35734fcc348b61429e718cbacf6e4fc, type: 3}
      propertyPath: m_LocalRotation.w
      value: 0.03325366
      objectReference: {fileID: 0}
    - target: {fileID: 5408443640178062811, guid: b35734fcc348b61429e718cbacf6e4fc, type: 3}
      propertyPath: m_LocalRotation.x
      value: -0.54519415
      objectReference: {fileID: 0}
    - target: {fileID: 5408443640178062811, guid: b35734fcc348b61429e718cbacf6e4fc, type: 3}
      propertyPath: m_LocalRotation.y
      value: 0.8344031
      objectReference: {fileID: 0}
    - target: {fileID: 5408443640178062811, guid: b35734fcc348b61429e718cbacf6e4fc, type: 3}
      propertyPath: m_LocalRotation.z
      value: -0.07368198
      objectReference: {fileID: 0}
    - target: {fileID: 5408443640178062811, guid: b35734fcc348b61429e718cbacf6e4fc, type: 3}
      propertyPath: m_LocalEulerAnglesHint.x
      value: 4.974
      objectReference: {fileID: 0}
    - target: {fileID: 5408443640178062811, guid: b35734fcc348b61429e718cbacf6e4fc, type: 3}
      propertyPath: m_LocalEulerAnglesHint.y
      value: 172.163
      objectReference: {fileID: 0}
    - target: {fileID: 5408443640178062811, guid: b35734fcc348b61429e718cbacf6e4fc, type: 3}
      propertyPath: m_LocalEulerAnglesHint.z
      value: -66.662
      objectReference: {fileID: 0}
    - target: {fileID: 8795137910542158615, guid: b35734fcc348b61429e718cbacf6e4fc, type: 3}
      propertyPath: m_Name
      value: Plant_Gr (9)
      objectReference: {fileID: 0}
    m_RemovedComponents: []
  m_SourcePrefab: {fileID: 100100000, guid: b35734fcc348b61429e718cbacf6e4fc, type: 3}
--- !u!4 &1087135924200042453 stripped
Transform:
  m_CorrespondingSourceObject: {fileID: 5408443640178062811, guid: b35734fcc348b61429e718cbacf6e4fc, type: 3}
  m_PrefabInstance: {fileID: 4906934066467232270}
  m_PrefabAsset: {fileID: 0}
--- !u!1001 &5949738488178805953
PrefabInstance:
  m_ObjectHideFlags: 0
  serializedVersion: 2
  m_Modification:
    m_TransformParent: {fileID: 2346536944122494118}
    m_Modifications:
    - target: {fileID: 5408443640178062811, guid: b35734fcc348b61429e718cbacf6e4fc, type: 3}
      propertyPath: m_RootOrder
      value: 3
      objectReference: {fileID: 0}
    - target: {fileID: 5408443640178062811, guid: b35734fcc348b61429e718cbacf6e4fc, type: 3}
      propertyPath: m_LocalScale.x
      value: 0.38496312
      objectReference: {fileID: 0}
    - target: {fileID: 5408443640178062811, guid: b35734fcc348b61429e718cbacf6e4fc, type: 3}
      propertyPath: m_LocalScale.y
      value: 0.6025097
      objectReference: {fileID: 0}
    - target: {fileID: 5408443640178062811, guid: b35734fcc348b61429e718cbacf6e4fc, type: 3}
      propertyPath: m_LocalScale.z
      value: 0.28724408
      objectReference: {fileID: 0}
    - target: {fileID: 5408443640178062811, guid: b35734fcc348b61429e718cbacf6e4fc, type: 3}
      propertyPath: m_LocalPosition.x
      value: -0.23300001
      objectReference: {fileID: 0}
    - target: {fileID: 5408443640178062811, guid: b35734fcc348b61429e718cbacf6e4fc, type: 3}
      propertyPath: m_LocalPosition.y
      value: -0.47200012
      objectReference: {fileID: 0}
    - target: {fileID: 5408443640178062811, guid: b35734fcc348b61429e718cbacf6e4fc, type: 3}
      propertyPath: m_LocalPosition.z
      value: -0.037
      objectReference: {fileID: 0}
    - target: {fileID: 5408443640178062811, guid: b35734fcc348b61429e718cbacf6e4fc, type: 3}
      propertyPath: m_LocalRotation.w
      value: 1
      objectReference: {fileID: 0}
    - target: {fileID: 5408443640178062811, guid: b35734fcc348b61429e718cbacf6e4fc, type: 3}
      propertyPath: m_LocalRotation.x
      value: -0
      objectReference: {fileID: 0}
    - target: {fileID: 5408443640178062811, guid: b35734fcc348b61429e718cbacf6e4fc, type: 3}
      propertyPath: m_LocalRotation.y
      value: -0
      objectReference: {fileID: 0}
    - target: {fileID: 5408443640178062811, guid: b35734fcc348b61429e718cbacf6e4fc, type: 3}
      propertyPath: m_LocalRotation.z
      value: -0
      objectReference: {fileID: 0}
    - target: {fileID: 5408443640178062811, guid: b35734fcc348b61429e718cbacf6e4fc, type: 3}
      propertyPath: m_LocalEulerAnglesHint.x
      value: 0
      objectReference: {fileID: 0}
    - target: {fileID: 5408443640178062811, guid: b35734fcc348b61429e718cbacf6e4fc, type: 3}
      propertyPath: m_LocalEulerAnglesHint.y
      value: 0
      objectReference: {fileID: 0}
    - target: {fileID: 5408443640178062811, guid: b35734fcc348b61429e718cbacf6e4fc, type: 3}
      propertyPath: m_LocalEulerAnglesHint.z
      value: 0
      objectReference: {fileID: 0}
    - target: {fileID: 8795137910542158615, guid: b35734fcc348b61429e718cbacf6e4fc, type: 3}
      propertyPath: m_Name
      value: Plant_Gr (10)
      objectReference: {fileID: 0}
    m_RemovedComponents: []
  m_SourcePrefab: {fileID: 100100000, guid: b35734fcc348b61429e718cbacf6e4fc, type: 3}
--- !u!4 &1846213562944895258 stripped
Transform:
  m_CorrespondingSourceObject: {fileID: 5408443640178062811, guid: b35734fcc348b61429e718cbacf6e4fc, type: 3}
  m_PrefabInstance: {fileID: 5949738488178805953}
  m_PrefabAsset: {fileID: 0}
--- !u!1001 &6223548438624278028
PrefabInstance:
  m_ObjectHideFlags: 0
  serializedVersion: 2
  m_Modification:
    m_TransformParent: {fileID: 5593283961877001046}
    m_Modifications:
    - target: {fileID: 5408443640178062811, guid: b35734fcc348b61429e718cbacf6e4fc, type: 3}
      propertyPath: m_RootOrder
      value: 1
      objectReference: {fileID: 0}
    - target: {fileID: 5408443640178062811, guid: b35734fcc348b61429e718cbacf6e4fc, type: 3}
      propertyPath: m_LocalScale.x
      value: 0.26004997
      objectReference: {fileID: 0}
    - target: {fileID: 5408443640178062811, guid: b35734fcc348b61429e718cbacf6e4fc, type: 3}
      propertyPath: m_LocalScale.y
      value: 0.5964012
      objectReference: {fileID: 0}
    - target: {fileID: 5408443640178062811, guid: b35734fcc348b61429e718cbacf6e4fc, type: 3}
      propertyPath: m_LocalScale.z
      value: 0.26004997
      objectReference: {fileID: 0}
    - target: {fileID: 5408443640178062811, guid: b35734fcc348b61429e718cbacf6e4fc, type: 3}
      propertyPath: m_LocalPosition.x
      value: 1.0159
      objectReference: {fileID: 0}
    - target: {fileID: 5408443640178062811, guid: b35734fcc348b61429e718cbacf6e4fc, type: 3}
      propertyPath: m_LocalPosition.y
      value: -1.0235898
      objectReference: {fileID: 0}
    - target: {fileID: 5408443640178062811, guid: b35734fcc348b61429e718cbacf6e4fc, type: 3}
      propertyPath: m_LocalPosition.z
      value: -0.17065811
      objectReference: {fileID: 0}
    - target: {fileID: 5408443640178062811, guid: b35734fcc348b61429e718cbacf6e4fc, type: 3}
      propertyPath: m_LocalRotation.w
      value: 0.9343411
      objectReference: {fileID: 0}
    - target: {fileID: 5408443640178062811, guid: b35734fcc348b61429e718cbacf6e4fc, type: 3}
      propertyPath: m_LocalRotation.x
      value: 0.107485145
      objectReference: {fileID: 0}
    - target: {fileID: 5408443640178062811, guid: b35734fcc348b61429e718cbacf6e4fc, type: 3}
      propertyPath: m_LocalRotation.y
      value: -0.06436964
      objectReference: {fileID: 0}
    - target: {fileID: 5408443640178062811, guid: b35734fcc348b61429e718cbacf6e4fc, type: 3}
      propertyPath: m_LocalRotation.z
      value: 0.333632
      objectReference: {fileID: 0}
    - target: {fileID: 5408443640178062811, guid: b35734fcc348b61429e718cbacf6e4fc, type: 3}
      propertyPath: m_LocalEulerAnglesHint.x
      value: 14.111
      objectReference: {fileID: 0}
    - target: {fileID: 5408443640178062811, guid: b35734fcc348b61429e718cbacf6e4fc, type: 3}
      propertyPath: m_LocalEulerAnglesHint.y
      value: -2.87
      objectReference: {fileID: 0}
    - target: {fileID: 5408443640178062811, guid: b35734fcc348b61429e718cbacf6e4fc, type: 3}
      propertyPath: m_LocalEulerAnglesHint.z
      value: 38.946
      objectReference: {fileID: 0}
    - target: {fileID: 8795137910542158615, guid: b35734fcc348b61429e718cbacf6e4fc, type: 3}
      propertyPath: m_Name
      value: Plant_Gr (4)
      objectReference: {fileID: 0}
    m_RemovedComponents: []
  m_SourcePrefab: {fileID: 100100000, guid: b35734fcc348b61429e718cbacf6e4fc, type: 3}
--- !u!4 &2112428473597010903 stripped
Transform:
  m_CorrespondingSourceObject: {fileID: 5408443640178062811, guid: b35734fcc348b61429e718cbacf6e4fc, type: 3}
  m_PrefabInstance: {fileID: 6223548438624278028}
  m_PrefabAsset: {fileID: 0}
--- !u!1001 &6556049531480629338
PrefabInstance:
  m_ObjectHideFlags: 0
  serializedVersion: 2
  m_Modification:
    m_TransformParent: {fileID: 5593283961877001046}
    m_Modifications:
    - target: {fileID: 5408443640178062811, guid: b35734fcc348b61429e718cbacf6e4fc, type: 3}
      propertyPath: m_RootOrder
      value: 2
      objectReference: {fileID: 0}
    - target: {fileID: 5408443640178062811, guid: b35734fcc348b61429e718cbacf6e4fc, type: 3}
      propertyPath: m_LocalScale.x
      value: 0.31648082
      objectReference: {fileID: 0}
    - target: {fileID: 5408443640178062811, guid: b35734fcc348b61429e718cbacf6e4fc, type: 3}
      propertyPath: m_LocalScale.y
      value: 0.45274517
      objectReference: {fileID: 0}
    - target: {fileID: 5408443640178062811, guid: b35734fcc348b61429e718cbacf6e4fc, type: 3}
      propertyPath: m_LocalScale.z
      value: 0.35137948
      objectReference: {fileID: 0}
    - target: {fileID: 5408443640178062811, guid: b35734fcc348b61429e718cbacf6e4fc, type: 3}
      propertyPath: m_LocalPosition.x
      value: 0.62399983
      objectReference: {fileID: 0}
    - target: {fileID: 5408443640178062811, guid: b35734fcc348b61429e718cbacf6e4fc, type: 3}
      propertyPath: m_LocalPosition.y
      value: 0.37800002
      objectReference: {fileID: 0}
    - target: {fileID: 5408443640178062811, guid: b35734fcc348b61429e718cbacf6e4fc, type: 3}
      propertyPath: m_LocalPosition.z
      value: 0.072999954
      objectReference: {fileID: 0}
    - target: {fileID: 5408443640178062811, guid: b35734fcc348b61429e718cbacf6e4fc, type: 3}
      propertyPath: m_LocalRotation.w
      value: 0.8232516
      objectReference: {fileID: 0}
    - target: {fileID: 5408443640178062811, guid: b35734fcc348b61429e718cbacf6e4fc, type: 3}
      propertyPath: m_LocalRotation.x
      value: -0.13809179
      objectReference: {fileID: 0}
    - target: {fileID: 5408443640178062811, guid: b35734fcc348b61429e718cbacf6e4fc, type: 3}
      propertyPath: m_LocalRotation.y
      value: 0.24225979
      objectReference: {fileID: 0}
    - target: {fileID: 5408443640178062811, guid: b35734fcc348b61429e718cbacf6e4fc, type: 3}
      propertyPath: m_LocalRotation.z
      value: 0.4944671
      objectReference: {fileID: 0}
    - target: {fileID: 5408443640178062811, guid: b35734fcc348b61429e718cbacf6e4fc, type: 3}
      propertyPath: m_LocalEulerAnglesHint.x
      value: -27.836
      objectReference: {fileID: 0}
    - target: {fileID: 5408443640178062811, guid: b35734fcc348b61429e718cbacf6e4fc, type: 3}
      propertyPath: m_LocalEulerAnglesHint.y
      value: 17.256
      objectReference: {fileID: 0}
    - target: {fileID: 5408443640178062811, guid: b35734fcc348b61429e718cbacf6e4fc, type: 3}
      propertyPath: m_LocalEulerAnglesHint.z
      value: 57.673
      objectReference: {fileID: 0}
    - target: {fileID: 8795137910542158615, guid: b35734fcc348b61429e718cbacf6e4fc, type: 3}
      propertyPath: m_Name
      value: Plant_Gr (5)
      objectReference: {fileID: 0}
    m_RemovedComponents: []
  m_SourcePrefab: {fileID: 100100000, guid: b35734fcc348b61429e718cbacf6e4fc, type: 3}
--- !u!4 &1294048794887607681 stripped
Transform:
  m_CorrespondingSourceObject: {fileID: 5408443640178062811, guid: b35734fcc348b61429e718cbacf6e4fc, type: 3}
  m_PrefabInstance: {fileID: 6556049531480629338}
  m_PrefabAsset: {fileID: 0}
