%YAML 1.1
%TAG !u! tag:unity3d.com,2011:
--- !u!1 &1504106380072123249
GameObject:
  m_ObjectHideFlags: 0
  m_CorrespondingSourceObject: {fileID: 0}
  m_PrefabInstance: {fileID: 0}
  m_PrefabAsset: {fileID: 0}
  serializedVersion: 6
  m_Component:
  - component: {fileID: 2275576082657223115}
  m_Layer: 11
  m_Name: Reef_Comp_Simple_A
  m_TagString: Untagged
  m_Icon: {fileID: 0}
  m_NavMeshLayer: 0
  m_StaticEditorFlags: 2147483647
  m_IsActive: 1
--- !u!4 &2275576082657223115
Transform:
  m_ObjectHideFlags: 0
  m_CorrespondingSourceObject: {fileID: 0}
  m_PrefabInstance: {fileID: 0}
  m_PrefabAsset: {fileID: 0}
  m_GameObject: {fileID: 1504106380072123249}
  m_LocalRotation: {x: 0, y: 0, z: 0, w: 1}
  m_LocalPosition: {x: 0, y: 0, z: 0}
  m_LocalScale: {x: 1, y: 1, z: 1}
  m_Children:
  - {fileID: 6353255705783371216}
  - {fileID: 3421728177861275678}
  - {fileID: 1682394158473761022}
  - {fileID: 3648627497629896196}
  - {fileID: 1220323990834558215}
  m_Father: {fileID: 0}
  m_RootOrder: 0
  m_LocalEulerAnglesHint: {x: 0, y: 0, z: 0}
--- !u!1 &2687513035362347307
GameObject:
  m_ObjectHideFlags: 0
  m_CorrespondingSourceObject: {fileID: 0}
  m_PrefabInstance: {fileID: 0}
  m_PrefabAsset: {fileID: 0}
  serializedVersion: 6
  m_Component:
  - component: {fileID: 1220323990834558215}
  - component: {fileID: 5948791843496498756}
  - component: {fileID: 7607489763579015530}
  - component: {fileID: 2172509340983990641}
  m_Layer: 11
  m_Name: Piette_02_Low.002
  m_TagString: Untagged
  m_Icon: {fileID: 0}
  m_NavMeshLayer: 0
  m_StaticEditorFlags: 2147483647
  m_IsActive: 1
--- !u!4 &1220323990834558215
Transform:
  m_ObjectHideFlags: 0
  m_CorrespondingSourceObject: {fileID: 0}
  m_PrefabInstance: {fileID: 0}
  m_PrefabAsset: {fileID: 0}
  m_GameObject: {fileID: 2687513035362347307}
  m_LocalRotation: {x: 0, y: 0, z: 0, w: 1}
  m_LocalPosition: {x: 1.3172011, y: -0.70904493, z: -4.20339}
  m_LocalScale: {x: 1, y: 1, z: 1}
  m_Children: []
  m_Father: {fileID: 2275576082657223115}
  m_RootOrder: 4
  m_LocalEulerAnglesHint: {x: 0, y: 0, z: 0}
--- !u!33 &5948791843496498756
MeshFilter:
  m_ObjectHideFlags: 0
  m_CorrespondingSourceObject: {fileID: 0}
  m_PrefabInstance: {fileID: 0}
  m_PrefabAsset: {fileID: 0}
  m_GameObject: {fileID: 2687513035362347307}
  m_Mesh: {fileID: -2032759603760800628, guid: 721ac7d1698d40e4088b32799f862b39, type: 3}
--- !u!23 &7607489763579015530
MeshRenderer:
  m_ObjectHideFlags: 0
  m_CorrespondingSourceObject: {fileID: 0}
  m_PrefabInstance: {fileID: 0}
  m_PrefabAsset: {fileID: 0}
  m_GameObject: {fileID: 2687513035362347307}
  m_Enabled: 1
  m_CastShadows: 1
  m_ReceiveShadows: 1
  m_DynamicOccludee: 1
  m_StaticShadowCaster: 0
  m_MotionVectors: 1
  m_LightProbeUsage: 1
  m_ReflectionProbeUsage: 1
  m_RayTracingMode: 2
  m_RayTraceProcedural: 0
  m_RenderingLayerMask: 257
  m_RendererPriority: 0
  m_Materials:
  - {fileID: 2100000, guid: 4bc707308cef73d46b623a9a6362ae4f, type: 2}
  m_StaticBatchInfo:
    firstSubMesh: 0
    subMeshCount: 0
  m_StaticBatchRoot: {fileID: 0}
  m_ProbeAnchor: {fileID: 0}
  m_LightProbeVolumeOverride: {fileID: 0}
  m_ScaleInLightmap: 1
  m_ReceiveGI: 1
  m_PreserveUVs: 0
  m_IgnoreNormalsForChartDetection: 0
  m_ImportantGI: 0
  m_StitchLightmapSeams: 1
  m_SelectedEditorRenderState: 3
  m_MinimumChartSize: 4
  m_AutoUVMaxDistance: 0.5
  m_AutoUVMaxAngle: 89
  m_LightmapParameters: {fileID: 0}
  m_SortingLayerID: 0
  m_SortingLayer: 0
  m_SortingOrder: 0
  m_AdditionalVertexStreams: {fileID: 0}
--- !u!64 &2172509340983990641
MeshCollider:
  m_ObjectHideFlags: 0
  m_CorrespondingSourceObject: {fileID: 0}
  m_PrefabInstance: {fileID: 0}
  m_PrefabAsset: {fileID: 0}
  m_GameObject: {fileID: 2687513035362347307}
  m_Material: {fileID: 13400000, guid: 37f964b872460664c9e3127a2ca94a69, type: 2}
  m_IsTrigger: 0
  m_Enabled: 1
  serializedVersion: 4
  m_Convex: 1
  m_CookingOptions: 30
  m_Mesh: {fileID: -2032759603760800628, guid: 721ac7d1698d40e4088b32799f862b39, type: 3}
--- !u!1 &3500747057608427657
GameObject:
  m_ObjectHideFlags: 0
  m_CorrespondingSourceObject: {fileID: 0}
  m_PrefabInstance: {fileID: 0}
  m_PrefabAsset: {fileID: 0}
  serializedVersion: 6
  m_Component:
  - component: {fileID: 3648627497629896196}
  - component: {fileID: 3927382372468397654}
  - component: {fileID: 6671787910059594223}
  - component: {fileID: 7429824965863192652}
  m_Layer: 11
  m_Name: Pierre_01_Low.004
  m_TagString: Untagged
  m_Icon: {fileID: 0}
  m_NavMeshLayer: 0
  m_StaticEditorFlags: 2147483647
  m_IsActive: 1
--- !u!4 &3648627497629896196
Transform:
  m_ObjectHideFlags: 0
  m_CorrespondingSourceObject: {fileID: 0}
  m_PrefabInstance: {fileID: 0}
  m_PrefabAsset: {fileID: 0}
  m_GameObject: {fileID: 3500747057608427657}
  m_LocalRotation: {x: 0, y: 0, z: 0, w: 1}
  m_LocalPosition: {x: -1.2949243, y: -1.7909406, z: 0.7602005}
  m_LocalScale: {x: 1, y: 1, z: 1}
  m_Children:
  - {fileID: 6878291348495929861}
  m_Father: {fileID: 2275576082657223115}
  m_RootOrder: 3
  m_LocalEulerAnglesHint: {x: 0, y: 0, z: 0}
--- !u!33 &3927382372468397654
MeshFilter:
  m_ObjectHideFlags: 0
  m_CorrespondingSourceObject: {fileID: 0}
  m_PrefabInstance: {fileID: 0}
  m_PrefabAsset: {fileID: 0}
  m_GameObject: {fileID: 3500747057608427657}
  m_Mesh: {fileID: 4299152232485463191, guid: 721ac7d1698d40e4088b32799f862b39, type: 3}
--- !u!23 &6671787910059594223
MeshRenderer:
  m_ObjectHideFlags: 0
  m_CorrespondingSourceObject: {fileID: 0}
  m_PrefabInstance: {fileID: 0}
  m_PrefabAsset: {fileID: 0}
  m_GameObject: {fileID: 3500747057608427657}
  m_Enabled: 1
  m_CastShadows: 1
  m_ReceiveShadows: 1
  m_DynamicOccludee: 1
  m_StaticShadowCaster: 0
  m_MotionVectors: 1
  m_LightProbeUsage: 1
  m_ReflectionProbeUsage: 1
  m_RayTracingMode: 2
  m_RayTraceProcedural: 0
  m_RenderingLayerMask: 257
  m_RendererPriority: 0
  m_Materials:
  - {fileID: 2100000, guid: 4bc707308cef73d46b623a9a6362ae4f, type: 2}
  m_StaticBatchInfo:
    firstSubMesh: 0
    subMeshCount: 0
  m_StaticBatchRoot: {fileID: 0}
  m_ProbeAnchor: {fileID: 0}
  m_LightProbeVolumeOverride: {fileID: 0}
  m_ScaleInLightmap: 1
  m_ReceiveGI: 1
  m_PreserveUVs: 0
  m_IgnoreNormalsForChartDetection: 0
  m_ImportantGI: 0
  m_StitchLightmapSeams: 1
  m_SelectedEditorRenderState: 3
  m_MinimumChartSize: 4
  m_AutoUVMaxDistance: 0.5
  m_AutoUVMaxAngle: 89
  m_LightmapParameters: {fileID: 0}
  m_SortingLayerID: 0
  m_SortingLayer: 0
  m_SortingOrder: 0
  m_AdditionalVertexStreams: {fileID: 0}
--- !u!64 &7429824965863192652
MeshCollider:
  m_ObjectHideFlags: 0
  m_CorrespondingSourceObject: {fileID: 0}
  m_PrefabInstance: {fileID: 0}
  m_PrefabAsset: {fileID: 0}
  m_GameObject: {fileID: 3500747057608427657}
  m_Material: {fileID: 13400000, guid: 37f964b872460664c9e3127a2ca94a69, type: 2}
  m_IsTrigger: 0
  m_Enabled: 1
  serializedVersion: 4
  m_Convex: 1
  m_CookingOptions: 30
  m_Mesh: {fileID: 4299152232485463191, guid: 721ac7d1698d40e4088b32799f862b39, type: 3}
--- !u!1 &4866636202389505775
GameObject:
  m_ObjectHideFlags: 0
  m_CorrespondingSourceObject: {fileID: 0}
  m_PrefabInstance: {fileID: 0}
  m_PrefabAsset: {fileID: 0}
  serializedVersion: 6
  m_Component:
  - component: {fileID: 6353255705783371216}
  - component: {fileID: 4531471672885629923}
  - component: {fileID: 5851511854093139108}
  - component: {fileID: 2413602818359357354}
  m_Layer: 11
  m_Name: Pierre_01_Low.001
  m_TagString: Untagged
  m_Icon: {fileID: 0}
  m_NavMeshLayer: 0
  m_StaticEditorFlags: 2147483647
  m_IsActive: 1
--- !u!4 &6353255705783371216
Transform:
  m_ObjectHideFlags: 0
  m_CorrespondingSourceObject: {fileID: 0}
  m_PrefabInstance: {fileID: 0}
  m_PrefabAsset: {fileID: 0}
  m_GameObject: {fileID: 4866636202389505775}
  m_LocalRotation: {x: 0, y: 0, z: 0, w: 1}
  m_LocalPosition: {x: 1.2029116, y: -0.70904493, z: 0.4935379}
  m_LocalScale: {x: 1, y: 1, z: 1}
  m_Children: []
  m_Father: {fileID: 2275576082657223115}
  m_RootOrder: 0
  m_LocalEulerAnglesHint: {x: 0, y: 0, z: 0}
--- !u!33 &4531471672885629923
MeshFilter:
  m_ObjectHideFlags: 0
  m_CorrespondingSourceObject: {fileID: 0}
  m_PrefabInstance: {fileID: 0}
  m_PrefabAsset: {fileID: 0}
  m_GameObject: {fileID: 4866636202389505775}
  m_Mesh: {fileID: 4763365640155713905, guid: 721ac7d1698d40e4088b32799f862b39, type: 3}
--- !u!23 &5851511854093139108
MeshRenderer:
  m_ObjectHideFlags: 0
  m_CorrespondingSourceObject: {fileID: 0}
  m_PrefabInstance: {fileID: 0}
  m_PrefabAsset: {fileID: 0}
  m_GameObject: {fileID: 4866636202389505775}
  m_Enabled: 1
  m_CastShadows: 1
  m_ReceiveShadows: 1
  m_DynamicOccludee: 1
  m_StaticShadowCaster: 0
  m_MotionVectors: 1
  m_LightProbeUsage: 1
  m_ReflectionProbeUsage: 1
  m_RayTracingMode: 2
  m_RayTraceProcedural: 0
  m_RenderingLayerMask: 257
  m_RendererPriority: 0
  m_Materials:
  - {fileID: 2100000, guid: 4bc707308cef73d46b623a9a6362ae4f, type: 2}
  m_StaticBatchInfo:
    firstSubMesh: 0
    subMeshCount: 0
  m_StaticBatchRoot: {fileID: 0}
  m_ProbeAnchor: {fileID: 0}
  m_LightProbeVolumeOverride: {fileID: 0}
  m_ScaleInLightmap: 1
  m_ReceiveGI: 1
  m_PreserveUVs: 0
  m_IgnoreNormalsForChartDetection: 0
  m_ImportantGI: 0
  m_StitchLightmapSeams: 1
  m_SelectedEditorRenderState: 3
  m_MinimumChartSize: 4
  m_AutoUVMaxDistance: 0.5
  m_AutoUVMaxAngle: 89
  m_LightmapParameters: {fileID: 0}
  m_SortingLayerID: 0
  m_SortingLayer: 0
  m_SortingOrder: 0
  m_AdditionalVertexStreams: {fileID: 0}
--- !u!64 &2413602818359357354
MeshCollider:
  m_ObjectHideFlags: 0
  m_CorrespondingSourceObject: {fileID: 0}
  m_PrefabInstance: {fileID: 0}
  m_PrefabAsset: {fileID: 0}
  m_GameObject: {fileID: 4866636202389505775}
  m_Material: {fileID: 13400000, guid: 37f964b872460664c9e3127a2ca94a69, type: 2}
  m_IsTrigger: 0
  m_Enabled: 1
  serializedVersion: 4
  m_Convex: 1
  m_CookingOptions: 30
  m_Mesh: {fileID: 4763365640155713905, guid: 721ac7d1698d40e4088b32799f862b39, type: 3}
--- !u!1 &5176579982991463884
GameObject:
  m_ObjectHideFlags: 0
  m_CorrespondingSourceObject: {fileID: 0}
  m_PrefabInstance: {fileID: 0}
  m_PrefabAsset: {fileID: 0}
  serializedVersion: 6
  m_Component:
  - component: {fileID: 1682394158473761022}
  - component: {fileID: 4017403302181539602}
  - component: {fileID: 8058976560232849131}
  - component: {fileID: 8576937252413920438}
  m_Layer: 11
  m_Name: Pierre_01_Low.003
  m_TagString: Untagged
  m_Icon: {fileID: 0}
  m_NavMeshLayer: 0
  m_StaticEditorFlags: 2147483647
  m_IsActive: 1
--- !u!4 &1682394158473761022
Transform:
  m_ObjectHideFlags: 0
  m_CorrespondingSourceObject: {fileID: 0}
  m_PrefabInstance: {fileID: 0}
  m_PrefabAsset: {fileID: 0}
  m_GameObject: {fileID: 5176579982991463884}
  m_LocalRotation: {x: 0, y: 0, z: 0, w: 1}
  m_LocalPosition: {x: -2.2109244, y: 3.872198, z: -1.369276}
  m_LocalScale: {x: 1, y: 1, z: 1}
  m_Children:
  - {fileID: 462786708448045387}
  - {fileID: 363530654344298479}
  m_Father: {fileID: 2275576082657223115}
  m_RootOrder: 2
  m_LocalEulerAnglesHint: {x: 0, y: 0, z: 0}
--- !u!33 &4017403302181539602
MeshFilter:
  m_ObjectHideFlags: 0
  m_CorrespondingSourceObject: {fileID: 0}
  m_PrefabInstance: {fileID: 0}
  m_PrefabAsset: {fileID: 0}
  m_GameObject: {fileID: 5176579982991463884}
  m_Mesh: {fileID: 3885008205744733967, guid: 721ac7d1698d40e4088b32799f862b39, type: 3}
--- !u!23 &8058976560232849131
MeshRenderer:
  m_ObjectHideFlags: 0
  m_CorrespondingSourceObject: {fileID: 0}
  m_PrefabInstance: {fileID: 0}
  m_PrefabAsset: {fileID: 0}
  m_GameObject: {fileID: 5176579982991463884}
  m_Enabled: 1
  m_CastShadows: 1
  m_ReceiveShadows: 1
  m_DynamicOccludee: 1
  m_StaticShadowCaster: 0
  m_MotionVectors: 1
  m_LightProbeUsage: 1
  m_ReflectionProbeUsage: 1
  m_RayTracingMode: 2
  m_RayTraceProcedural: 0
  m_RenderingLayerMask: 257
  m_RendererPriority: 0
  m_Materials:
  - {fileID: 2100000, guid: 4bc707308cef73d46b623a9a6362ae4f, type: 2}
  m_StaticBatchInfo:
    firstSubMesh: 0
    subMeshCount: 0
  m_StaticBatchRoot: {fileID: 0}
  m_ProbeAnchor: {fileID: 0}
  m_LightProbeVolumeOverride: {fileID: 0}
  m_ScaleInLightmap: 1
  m_ReceiveGI: 1
  m_PreserveUVs: 0
  m_IgnoreNormalsForChartDetection: 0
  m_ImportantGI: 0
  m_StitchLightmapSeams: 1
  m_SelectedEditorRenderState: 3
  m_MinimumChartSize: 4
  m_AutoUVMaxDistance: 0.5
  m_AutoUVMaxAngle: 89
  m_LightmapParameters: {fileID: 0}
  m_SortingLayerID: 0
  m_SortingLayer: 0
  m_SortingOrder: 0
  m_AdditionalVertexStreams: {fileID: 0}
--- !u!64 &8576937252413920438
MeshCollider:
  m_ObjectHideFlags: 0
  m_CorrespondingSourceObject: {fileID: 0}
  m_PrefabInstance: {fileID: 0}
  m_PrefabAsset: {fileID: 0}
  m_GameObject: {fileID: 5176579982991463884}
  m_Material: {fileID: 13400000, guid: 37f964b872460664c9e3127a2ca94a69, type: 2}
  m_IsTrigger: 0
  m_Enabled: 1
  serializedVersion: 4
  m_Convex: 1
  m_CookingOptions: 30
  m_Mesh: {fileID: 3885008205744733967, guid: 721ac7d1698d40e4088b32799f862b39, type: 3}
--- !u!1 &5707364460046059424
GameObject:
  m_ObjectHideFlags: 0
  m_CorrespondingSourceObject: {fileID: 0}
  m_PrefabInstance: {fileID: 0}
  m_PrefabAsset: {fileID: 0}
  serializedVersion: 6
  m_Component:
  - component: {fileID: 3421728177861275678}
  - component: {fileID: 76563359384772868}
  - component: {fileID: 2893810655351096076}
  - component: {fileID: 5830840369515993984}
  m_Layer: 11
  m_Name: Pierre_01_Low.002
  m_TagString: Untagged
  m_Icon: {fileID: 0}
  m_NavMeshLayer: 0
  m_StaticEditorFlags: 2147483647
  m_IsActive: 1
--- !u!4 &3421728177861275678
Transform:
  m_ObjectHideFlags: 0
  m_CorrespondingSourceObject: {fileID: 0}
  m_PrefabInstance: {fileID: 0}
  m_PrefabAsset: {fileID: 0}
  m_GameObject: {fileID: 5707364460046059424}
  m_LocalRotation: {x: 0, y: 0, z: 0, w: 1}
  m_LocalPosition: {x: 0.9857364, y: -0.6631676, z: 4.3189335}
  m_LocalScale: {x: 1, y: 1, z: 1}
  m_Children: []
  m_Father: {fileID: 2275576082657223115}
  m_RootOrder: 1
  m_LocalEulerAnglesHint: {x: 0, y: 0, z: 0}
--- !u!33 &76563359384772868
MeshFilter:
  m_ObjectHideFlags: 0
  m_CorrespondingSourceObject: {fileID: 0}
  m_PrefabInstance: {fileID: 0}
  m_PrefabAsset: {fileID: 0}
  m_GameObject: {fileID: 5707364460046059424}
  m_Mesh: {fileID: 6427341251072480457, guid: 721ac7d1698d40e4088b32799f862b39, type: 3}
--- !u!23 &2893810655351096076
MeshRenderer:
  m_ObjectHideFlags: 0
  m_CorrespondingSourceObject: {fileID: 0}
  m_PrefabInstance: {fileID: 0}
  m_PrefabAsset: {fileID: 0}
  m_GameObject: {fileID: 5707364460046059424}
  m_Enabled: 1
  m_CastShadows: 1
  m_ReceiveShadows: 1
  m_DynamicOccludee: 1
  m_StaticShadowCaster: 0
  m_MotionVectors: 1
  m_LightProbeUsage: 1
  m_ReflectionProbeUsage: 1
  m_RayTracingMode: 2
  m_RayTraceProcedural: 0
  m_RenderingLayerMask: 257
  m_RendererPriority: 0
  m_Materials:
  - {fileID: 2100000, guid: 4bc707308cef73d46b623a9a6362ae4f, type: 2}
  m_StaticBatchInfo:
    firstSubMesh: 0
    subMeshCount: 0
  m_StaticBatchRoot: {fileID: 0}
  m_ProbeAnchor: {fileID: 0}
  m_LightProbeVolumeOverride: {fileID: 0}
  m_ScaleInLightmap: 1
  m_ReceiveGI: 1
  m_PreserveUVs: 0
  m_IgnoreNormalsForChartDetection: 0
  m_ImportantGI: 0
  m_StitchLightmapSeams: 1
  m_SelectedEditorRenderState: 3
  m_MinimumChartSize: 4
  m_AutoUVMaxDistance: 0.5
  m_AutoUVMaxAngle: 89
  m_LightmapParameters: {fileID: 0}
  m_SortingLayerID: 0
  m_SortingLayer: 0
  m_SortingOrder: 0
  m_AdditionalVertexStreams: {fileID: 0}
--- !u!64 &5830840369515993984
MeshCollider:
  m_ObjectHideFlags: 0
  m_CorrespondingSourceObject: {fileID: 0}
  m_PrefabInstance: {fileID: 0}
  m_PrefabAsset: {fileID: 0}
  m_GameObject: {fileID: 5707364460046059424}
  m_Material: {fileID: 13400000, guid: 37f964b872460664c9e3127a2ca94a69, type: 2}
  m_IsTrigger: 0
  m_Enabled: 1
  serializedVersion: 4
  m_Convex: 1
  m_CookingOptions: 30
  m_Mesh: {fileID: 6427341251072480457, guid: 721ac7d1698d40e4088b32799f862b39, type: 3}
--- !u!1 &7646577393962879795
GameObject:
  m_ObjectHideFlags: 0
  m_CorrespondingSourceObject: {fileID: 0}
  m_PrefabInstance: {fileID: 0}
  m_PrefabAsset: {fileID: 0}
  serializedVersion: 6
  m_Component:
  - component: {fileID: 363530654344298479}
  m_Layer: 0
  m_Name: Plants.002
  m_TagString: Untagged
  m_Icon: {fileID: 0}
  m_NavMeshLayer: 0
  m_StaticEditorFlags: 0
  m_IsActive: 1
--- !u!4 &363530654344298479
Transform:
  m_ObjectHideFlags: 0
  m_CorrespondingSourceObject: {fileID: 0}
  m_PrefabInstance: {fileID: 0}
  m_PrefabAsset: {fileID: 0}
  m_GameObject: {fileID: 7646577393962879795}
  m_LocalRotation: {x: -0, y: -0, z: -0, w: 1}
  m_LocalPosition: {x: -0.9820757, y: 0.9658017, z: 1.3372761}
  m_LocalScale: {x: 1, y: 1, z: 1}
  m_Children:
  - {fileID: 7450794462923853588}
  - {fileID: 3039015653027725139}
  m_Father: {fileID: 1682394158473761022}
  m_RootOrder: 1
  m_LocalEulerAnglesHint: {x: 0, y: 0, z: 0}
--- !u!1 &8274634726030537193
GameObject:
  m_ObjectHideFlags: 0
  m_CorrespondingSourceObject: {fileID: 0}
  m_PrefabInstance: {fileID: 0}
  m_PrefabAsset: {fileID: 0}
  serializedVersion: 6
  m_Component:
  - component: {fileID: 462786708448045387}
  m_Layer: 0
  m_Name: Plants.001
  m_TagString: Untagged
  m_Icon: {fileID: 0}
  m_NavMeshLayer: 0
  m_StaticEditorFlags: 0
  m_IsActive: 1
--- !u!4 &462786708448045387
Transform:
  m_ObjectHideFlags: 0
  m_CorrespondingSourceObject: {fileID: 0}
  m_PrefabInstance: {fileID: 0}
  m_PrefabAsset: {fileID: 0}
  m_GameObject: {fileID: 8274634726030537193}
  m_LocalRotation: {x: -0, y: -0, z: -0, w: 1}
  m_LocalPosition: {x: 1.8409244, y: 0.47402096, z: -0.36072397}
  m_LocalScale: {x: 1, y: 1, z: 1}
  m_Children:
  - {fileID: 1710590085987407653}
  - {fileID: 5715958625280083298}
  - {fileID: 3567399151760254675}
  m_Father: {fileID: 1682394158473761022}
  m_RootOrder: 0
  m_LocalEulerAnglesHint: {x: 0, y: 0, z: 0}
--- !u!1001 &314562306223567033
PrefabInstance:
  m_ObjectHideFlags: 0
  serializedVersion: 2
  m_Modification:
    m_TransformParent: {fileID: 462786708448045387}
    m_Modifications:
    - target: {fileID: 5408443640178062811, guid: b35734fcc348b61429e718cbacf6e4fc, type: 3}
      propertyPath: m_RootOrder
      value: 1
      objectReference: {fileID: 0}
    - target: {fileID: 5408443640178062811, guid: b35734fcc348b61429e718cbacf6e4fc, type: 3}
      propertyPath: m_LocalScale.x
      value: 0.5223
      objectReference: {fileID: 0}
    - target: {fileID: 5408443640178062811, guid: b35734fcc348b61429e718cbacf6e4fc, type: 3}
      propertyPath: m_LocalScale.y
      value: 0.7251614
      objectReference: {fileID: 0}
    - target: {fileID: 5408443640178062811, guid: b35734fcc348b61429e718cbacf6e4fc, type: 3}
      propertyPath: m_LocalScale.z
      value: 0.5223
      objectReference: {fileID: 0}
    - target: {fileID: 5408443640178062811, guid: b35734fcc348b61429e718cbacf6e4fc, type: 3}
      propertyPath: m_LocalPosition.x
      value: 0.347
      objectReference: {fileID: 0}
    - target: {fileID: 5408443640178062811, guid: b35734fcc348b61429e718cbacf6e4fc, type: 3}
      propertyPath: m_LocalPosition.y
      value: -0.42221904
      objectReference: {fileID: 0}
    - target: {fileID: 5408443640178062811, guid: b35734fcc348b61429e718cbacf6e4fc, type: 3}
      propertyPath: m_LocalPosition.z
      value: 0.04400003
      objectReference: {fileID: 0}
    - target: {fileID: 5408443640178062811, guid: b35734fcc348b61429e718cbacf6e4fc, type: 3}
      propertyPath: m_LocalRotation.w
      value: 0.89578635
      objectReference: {fileID: 0}
    - target: {fileID: 5408443640178062811, guid: b35734fcc348b61429e718cbacf6e4fc, type: 3}
      propertyPath: m_LocalRotation.x
      value: -0.08847321
      objectReference: {fileID: 0}
    - target: {fileID: 5408443640178062811, guid: b35734fcc348b61429e718cbacf6e4fc, type: 3}
      propertyPath: m_LocalRotation.y
      value: -0.37397557
      objectReference: {fileID: 0}
    - target: {fileID: 5408443640178062811, guid: b35734fcc348b61429e718cbacf6e4fc, type: 3}
      propertyPath: m_LocalRotation.z
      value: -0.22334203
      objectReference: {fileID: 0}
    - target: {fileID: 5408443640178062811, guid: b35734fcc348b61429e718cbacf6e4fc, type: 3}
      propertyPath: m_LocalEulerAnglesHint.x
      value: -18.999
      objectReference: {fileID: 0}
    - target: {fileID: 5408443640178062811, guid: b35734fcc348b61429e718cbacf6e4fc, type: 3}
      propertyPath: m_LocalEulerAnglesHint.y
      value: -41.821
      objectReference: {fileID: 0}
    - target: {fileID: 5408443640178062811, guid: b35734fcc348b61429e718cbacf6e4fc, type: 3}
      propertyPath: m_LocalEulerAnglesHint.z
      value: -20.683
      objectReference: {fileID: 0}
    - target: {fileID: 8795137910542158615, guid: b35734fcc348b61429e718cbacf6e4fc, type: 3}
      propertyPath: m_Name
      value: Plant_Gr (1)
      objectReference: {fileID: 0}
    m_RemovedComponents: []
  m_SourcePrefab: {fileID: 100100000, guid: b35734fcc348b61429e718cbacf6e4fc, type: 3}
--- !u!4 &5715958625280083298 stripped
Transform:
  m_CorrespondingSourceObject: {fileID: 5408443640178062811, guid: b35734fcc348b61429e718cbacf6e4fc, type: 3}
  m_PrefabInstance: {fileID: 314562306223567033}
  m_PrefabAsset: {fileID: 0}
--- !u!1001 &1475561492290381790
PrefabInstance:
  m_ObjectHideFlags: 0
  serializedVersion: 2
  m_Modification:
    m_TransformParent: {fileID: 3648627497629896196}
    m_Modifications:
    - target: {fileID: 5408443640178062811, guid: b35734fcc348b61429e718cbacf6e4fc, type: 3}
      propertyPath: m_RootOrder
      value: 0
      objectReference: {fileID: 0}
    - target: {fileID: 5408443640178062811, guid: b35734fcc348b61429e718cbacf6e4fc, type: 3}
      propertyPath: m_LocalScale.x
      value: 0.312831
      objectReference: {fileID: 0}
    - target: {fileID: 5408443640178062811, guid: b35734fcc348b61429e718cbacf6e4fc, type: 3}
      propertyPath: m_LocalScale.y
      value: 0.46414268
      objectReference: {fileID: 0}
    - target: {fileID: 5408443640178062811, guid: b35734fcc348b61429e718cbacf6e4fc, type: 3}
      propertyPath: m_LocalScale.z
      value: 0.32154292
      objectReference: {fileID: 0}
    - target: {fileID: 5408443640178062811, guid: b35734fcc348b61429e718cbacf6e4fc, type: 3}
      propertyPath: m_LocalPosition.x
      value: -0.54207575
      objectReference: {fileID: 0}
    - target: {fileID: 5408443640178062811, guid: b35734fcc348b61429e718cbacf6e4fc, type: 3}
      propertyPath: m_LocalPosition.y
      value: 5.914941
      objectReference: {fileID: 0}
    - target: {fileID: 5408443640178062811, guid: b35734fcc348b61429e718cbacf6e4fc, type: 3}
      propertyPath: m_LocalPosition.z
      value: 1.9627995
      objectReference: {fileID: 0}
    - target: {fileID: 5408443640178062811, guid: b35734fcc348b61429e718cbacf6e4fc, type: 3}
      propertyPath: m_LocalRotation.w
      value: 0.8536131
      objectReference: {fileID: 0}
    - target: {fileID: 5408443640178062811, guid: b35734fcc348b61429e718cbacf6e4fc, type: 3}
      propertyPath: m_LocalRotation.x
      value: 0.36130872
      objectReference: {fileID: 0}
    - target: {fileID: 5408443640178062811, guid: b35734fcc348b61429e718cbacf6e4fc, type: 3}
      propertyPath: m_LocalRotation.y
      value: -0.26615328
      objectReference: {fileID: 0}
    - target: {fileID: 5408443640178062811, guid: b35734fcc348b61429e718cbacf6e4fc, type: 3}
      propertyPath: m_LocalRotation.z
      value: 0.2645055
      objectReference: {fileID: 0}
    - target: {fileID: 5408443640178062811, guid: b35734fcc348b61429e718cbacf6e4fc, type: 3}
      propertyPath: m_LocalEulerAnglesHint.x
      value: 49.256
      objectReference: {fileID: 0}
    - target: {fileID: 5408443640178062811, guid: b35734fcc348b61429e718cbacf6e4fc, type: 3}
      propertyPath: m_LocalEulerAnglesHint.y
      value: -23.787
      objectReference: {fileID: 0}
    - target: {fileID: 5408443640178062811, guid: b35734fcc348b61429e718cbacf6e4fc, type: 3}
      propertyPath: m_LocalEulerAnglesHint.z
      value: 23.403
      objectReference: {fileID: 0}
    - target: {fileID: 8795137910542158615, guid: b35734fcc348b61429e718cbacf6e4fc, type: 3}
      propertyPath: m_Name
      value: Plant_Gr (5)
      objectReference: {fileID: 0}
    m_RemovedComponents: []
  m_SourcePrefab: {fileID: 100100000, guid: b35734fcc348b61429e718cbacf6e4fc, type: 3}
--- !u!4 &6878291348495929861 stripped
Transform:
  m_CorrespondingSourceObject: {fileID: 5408443640178062811, guid: b35734fcc348b61429e718cbacf6e4fc, type: 3}
  m_PrefabInstance: {fileID: 1475561492290381790}
  m_PrefabAsset: {fileID: 0}
--- !u!1001 &3199856752913726159
PrefabInstance:
  m_ObjectHideFlags: 0
  serializedVersion: 2
  m_Modification:
    m_TransformParent: {fileID: 363530654344298479}
    m_Modifications:
    - target: {fileID: 5408443640178062811, guid: b35734fcc348b61429e718cbacf6e4fc, type: 3}
      propertyPath: m_RootOrder
      value: 0
      objectReference: {fileID: 0}
    - target: {fileID: 5408443640178062811, guid: b35734fcc348b61429e718cbacf6e4fc, type: 3}
      propertyPath: m_LocalScale.x
      value: 0.40808
      objectReference: {fileID: 0}
    - target: {fileID: 5408443640178062811, guid: b35734fcc348b61429e718cbacf6e4fc, type: 3}
      propertyPath: m_LocalScale.y
      value: 0.57873917
      objectReference: {fileID: 0}
    - target: {fileID: 5408443640178062811, guid: b35734fcc348b61429e718cbacf6e4fc, type: 3}
      propertyPath: m_LocalScale.z
      value: 0.40808
      objectReference: {fileID: 0}
    - target: {fileID: 5408443640178062811, guid: b35734fcc348b61429e718cbacf6e4fc, type: 3}
      propertyPath: m_LocalPosition.x
      value: 0.15942979
      objectReference: {fileID: 0}
    - target: {fileID: 5408443640178062811, guid: b35734fcc348b61429e718cbacf6e4fc, type: 3}
      propertyPath: m_LocalPosition.y
      value: -0.2889614
      objectReference: {fileID: 0}
    - target: {fileID: 5408443640178062811, guid: b35734fcc348b61429e718cbacf6e4fc, type: 3}
      propertyPath: m_LocalPosition.z
      value: -0.025731403
      objectReference: {fileID: 0}
    - target: {fileID: 5408443640178062811, guid: b35734fcc348b61429e718cbacf6e4fc, type: 3}
      propertyPath: m_LocalRotation.w
      value: 0.8637148
      objectReference: {fileID: 0}
    - target: {fileID: 5408443640178062811, guid: b35734fcc348b61429e718cbacf6e4fc, type: 3}
      propertyPath: m_LocalRotation.x
      value: 0.011940079
      objectReference: {fileID: 0}
    - target: {fileID: 5408443640178062811, guid: b35734fcc348b61429e718cbacf6e4fc, type: 3}
      propertyPath: m_LocalRotation.y
      value: 0.29094902
      objectReference: {fileID: 0}
    - target: {fileID: 5408443640178062811, guid: b35734fcc348b61429e718cbacf6e4fc, type: 3}
      propertyPath: m_LocalRotation.z
      value: 0.4113429
      objectReference: {fileID: 0}
    - target: {fileID: 5408443640178062811, guid: b35734fcc348b61429e718cbacf6e4fc, type: 3}
      propertyPath: m_LocalEulerAnglesHint.x
      value: -12.635
      objectReference: {fileID: 0}
    - target: {fileID: 5408443640178062811, guid: b35734fcc348b61429e718cbacf6e4fc, type: 3}
      propertyPath: m_LocalEulerAnglesHint.y
      value: 31.677
      objectReference: {fileID: 0}
    - target: {fileID: 5408443640178062811, guid: b35734fcc348b61429e718cbacf6e4fc, type: 3}
      propertyPath: m_LocalEulerAnglesHint.z
      value: 47.334
      objectReference: {fileID: 0}
    - target: {fileID: 8795137910542158615, guid: b35734fcc348b61429e718cbacf6e4fc, type: 3}
      propertyPath: m_Name
      value: Plant_Gr (3)
      objectReference: {fileID: 0}
    m_RemovedComponents: []
  m_SourcePrefab: {fileID: 100100000, guid: b35734fcc348b61429e718cbacf6e4fc, type: 3}
--- !u!4 &7450794462923853588 stripped
Transform:
  m_CorrespondingSourceObject: {fileID: 5408443640178062811, guid: b35734fcc348b61429e718cbacf6e4fc, type: 3}
  m_PrefabInstance: {fileID: 3199856752913726159}
  m_PrefabAsset: {fileID: 0}
--- !u!1001 &6679852320695329534
PrefabInstance:
  m_ObjectHideFlags: 0
  serializedVersion: 2
  m_Modification:
    m_TransformParent: {fileID: 462786708448045387}
    m_Modifications:
    - target: {fileID: 993649526104164288, guid: b35734fcc348b61429e718cbacf6e4fc, type: 3}
      propertyPath: m_LODs.Array.data[0].screenRelativeHeight
      value: 0.044285
      objectReference: {fileID: 0}
    - target: {fileID: 4351877937196148069, guid: b35734fcc348b61429e718cbacf6e4fc, type: 3}
      propertyPath: m_LODs.Array.data[0].screenRelativeHeight
      value: 0.05588522
      objectReference: {fileID: 0}
    - target: {fileID: 5408443640178062811, guid: b35734fcc348b61429e718cbacf6e4fc, type: 3}
      propertyPath: m_RootOrder
      value: 0
      objectReference: {fileID: 0}
    - target: {fileID: 5408443640178062811, guid: b35734fcc348b61429e718cbacf6e4fc, type: 3}
      propertyPath: m_LocalScale.x
      value: 0.73007095
      objectReference: {fileID: 0}
    - target: {fileID: 5408443640178062811, guid: b35734fcc348b61429e718cbacf6e4fc, type: 3}
      propertyPath: m_LocalScale.y
      value: 0.80144644
      objectReference: {fileID: 0}
    - target: {fileID: 5408443640178062811, guid: b35734fcc348b61429e718cbacf6e4fc, type: 3}
      propertyPath: m_LocalScale.z
      value: 0.5223
      objectReference: {fileID: 0}
    - target: {fileID: 5408443640178062811, guid: b35734fcc348b61429e718cbacf6e4fc, type: 3}
      propertyPath: m_LocalPosition.x
      value: 0.85232997
      objectReference: {fileID: 0}
    - target: {fileID: 5408443640178062811, guid: b35734fcc348b61429e718cbacf6e4fc, type: 3}
      propertyPath: m_LocalPosition.y
      value: -1.4312191
      objectReference: {fileID: 0}
    - target: {fileID: 5408443640178062811, guid: b35734fcc348b61429e718cbacf6e4fc, type: 3}
      propertyPath: m_LocalPosition.z
      value: -0.22940004
      objectReference: {fileID: 0}
    - target: {fileID: 5408443640178062811, guid: b35734fcc348b61429e718cbacf6e4fc, type: 3}
      propertyPath: m_LocalRotation.w
      value: 0.7297286
      objectReference: {fileID: 0}
    - target: {fileID: 5408443640178062811, guid: b35734fcc348b61429e718cbacf6e4fc, type: 3}
      propertyPath: m_LocalRotation.x
      value: -0.10792183
      objectReference: {fileID: 0}
    - target: {fileID: 5408443640178062811, guid: b35734fcc348b61429e718cbacf6e4fc, type: 3}
      propertyPath: m_LocalRotation.y
      value: -0.6659721
      objectReference: {fileID: 0}
    - target: {fileID: 5408443640178062811, guid: b35734fcc348b61429e718cbacf6e4fc, type: 3}
      propertyPath: m_LocalRotation.z
      value: -0.11104197
      objectReference: {fileID: 0}
    - target: {fileID: 5408443640178062811, guid: b35734fcc348b61429e718cbacf6e4fc, type: 3}
      propertyPath: m_LocalEulerAnglesHint.x
      value: -17.783
      objectReference: {fileID: 0}
    - target: {fileID: 5408443640178062811, guid: b35734fcc348b61429e718cbacf6e4fc, type: 3}
      propertyPath: m_LocalEulerAnglesHint.y
      value: -84.597
      objectReference: {fileID: 0}
    - target: {fileID: 5408443640178062811, guid: b35734fcc348b61429e718cbacf6e4fc, type: 3}
      propertyPath: m_LocalEulerAnglesHint.z
      value: -1.102
      objectReference: {fileID: 0}
    - target: {fileID: 8795137910542158615, guid: b35734fcc348b61429e718cbacf6e4fc, type: 3}
      propertyPath: m_Name
      value: Plant_Gr (2)
      objectReference: {fileID: 0}
    m_RemovedComponents: []
  m_SourcePrefab: {fileID: 100100000, guid: b35734fcc348b61429e718cbacf6e4fc, type: 3}
--- !u!4 &1710590085987407653 stripped
Transform:
  m_CorrespondingSourceObject: {fileID: 5408443640178062811, guid: b35734fcc348b61429e718cbacf6e4fc, type: 3}
  m_PrefabInstance: {fileID: 6679852320695329534}
  m_PrefabAsset: {fileID: 0}
--- !u!1001 &6999269434205997704
PrefabInstance:
  m_ObjectHideFlags: 0
  serializedVersion: 2
  m_Modification:
    m_TransformParent: {fileID: 363530654344298479}
    m_Modifications:
    - target: {fileID: 5408443640178062811, guid: b35734fcc348b61429e718cbacf6e4fc, type: 3}
      propertyPath: m_RootOrder
      value: 1
      objectReference: {fileID: 0}
    - target: {fileID: 5408443640178062811, guid: b35734fcc348b61429e718cbacf6e4fc, type: 3}
      propertyPath: m_LocalScale.x
      value: 0.36585516
      objectReference: {fileID: 0}
    - target: {fileID: 5408443640178062811, guid: b35734fcc348b61429e718cbacf6e4fc, type: 3}
      propertyPath: m_LocalScale.y
      value: 0.33194566
      objectReference: {fileID: 0}
    - target: {fileID: 5408443640178062811, guid: b35734fcc348b61429e718cbacf6e4fc, type: 3}
      propertyPath: m_LocalScale.z
      value: 0.26196125
      objectReference: {fileID: 0}
    - target: {fileID: 5408443640178062811, guid: b35734fcc348b61429e718cbacf6e4fc, type: 3}
      propertyPath: m_LocalPosition.x
      value: 0.032000065
      objectReference: {fileID: 0}
    - target: {fileID: 5408443640178062811, guid: b35734fcc348b61429e718cbacf6e4fc, type: 3}
      propertyPath: m_LocalPosition.y
      value: -0.00399971
      objectReference: {fileID: 0}
    - target: {fileID: 5408443640178062811, guid: b35734fcc348b61429e718cbacf6e4fc, type: 3}
      propertyPath: m_LocalPosition.z
      value: -1.001
      objectReference: {fileID: 0}
    - target: {fileID: 5408443640178062811, guid: b35734fcc348b61429e718cbacf6e4fc, type: 3}
      propertyPath: m_LocalRotation.w
      value: 0.79775584
      objectReference: {fileID: 0}
    - target: {fileID: 5408443640178062811, guid: b35734fcc348b61429e718cbacf6e4fc, type: 3}
      propertyPath: m_LocalRotation.x
      value: -0.09702418
      objectReference: {fileID: 0}
    - target: {fileID: 5408443640178062811, guid: b35734fcc348b61429e718cbacf6e4fc, type: 3}
      propertyPath: m_LocalRotation.y
      value: 0.44519502
      objectReference: {fileID: 0}
    - target: {fileID: 5408443640178062811, guid: b35734fcc348b61429e718cbacf6e4fc, type: 3}
      propertyPath: m_LocalRotation.z
      value: 0.39493462
      objectReference: {fileID: 0}
    - target: {fileID: 5408443640178062811, guid: b35734fcc348b61429e718cbacf6e4fc, type: 3}
      propertyPath: m_LocalEulerAnglesHint.x
      value: -30.428
      objectReference: {fileID: 0}
    - target: {fileID: 5408443640178062811, guid: b35734fcc348b61429e718cbacf6e4fc, type: 3}
      propertyPath: m_LocalEulerAnglesHint.y
      value: 47.298
      objectReference: {fileID: 0}
    - target: {fileID: 5408443640178062811, guid: b35734fcc348b61429e718cbacf6e4fc, type: 3}
      propertyPath: m_LocalEulerAnglesHint.z
      value: 39.093
      objectReference: {fileID: 0}
    - target: {fileID: 8795137910542158615, guid: b35734fcc348b61429e718cbacf6e4fc, type: 3}
      propertyPath: m_Name
      value: Plant_Gr (4)
      objectReference: {fileID: 0}
    m_RemovedComponents: []
  m_SourcePrefab: {fileID: 100100000, guid: b35734fcc348b61429e718cbacf6e4fc, type: 3}
--- !u!4 &3039015653027725139 stripped
Transform:
  m_CorrespondingSourceObject: {fileID: 5408443640178062811, guid: b35734fcc348b61429e718cbacf6e4fc, type: 3}
  m_PrefabInstance: {fileID: 6999269434205997704}
  m_PrefabAsset: {fileID: 0}
--- !u!1001 &8831370256929493768
PrefabInstance:
  m_ObjectHideFlags: 0
  serializedVersion: 2
  m_Modification:
    m_TransformParent: {fileID: 462786708448045387}
    m_Modifications:
    - target: {fileID: 5408443640178062811, guid: b35734fcc348b61429e718cbacf6e4fc, type: 3}
      propertyPath: m_RootOrder
      value: 2
      objectReference: {fileID: 0}
    - target: {fileID: 5408443640178062811, guid: b35734fcc348b61429e718cbacf6e4fc, type: 3}
      propertyPath: m_LocalScale.x
      value: 0.5223
      objectReference: {fileID: 0}
    - target: {fileID: 5408443640178062811, guid: b35734fcc348b61429e718cbacf6e4fc, type: 3}
      propertyPath: m_LocalScale.y
      value: 0.6857277
      objectReference: {fileID: 0}
    - target: {fileID: 5408443640178062811, guid: b35734fcc348b61429e718cbacf6e4fc, type: 3}
      propertyPath: m_LocalScale.z
      value: 0.5223
      objectReference: {fileID: 0}
    - target: {fileID: 5408443640178062811, guid: b35734fcc348b61429e718cbacf6e4fc, type: 3}
      propertyPath: m_LocalPosition.x
      value: -0.44
      objectReference: {fileID: 0}
    - target: {fileID: 5408443640178062811, guid: b35734fcc348b61429e718cbacf6e4fc, type: 3}
      propertyPath: m_LocalPosition.y
      value: 0.45378113
      objectReference: {fileID: 0}
    - target: {fileID: 5408443640178062811, guid: b35734fcc348b61429e718cbacf6e4fc, type: 3}
      propertyPath: m_LocalPosition.z
      value: 0.45000005
      objectReference: {fileID: 0}
    - target: {fileID: 5408443640178062811, guid: b35734fcc348b61429e718cbacf6e4fc, type: 3}
      propertyPath: m_LocalRotation.w
      value: 0.9525227
      objectReference: {fileID: 0}
    - target: {fileID: 5408443640178062811, guid: b35734fcc348b61429e718cbacf6e4fc, type: 3}
      propertyPath: m_LocalRotation.x
      value: -0.13754253
      objectReference: {fileID: 0}
    - target: {fileID: 5408443640178062811, guid: b35734fcc348b61429e718cbacf6e4fc, type: 3}
      propertyPath: m_LocalRotation.y
      value: -0.23158932
      objectReference: {fileID: 0}
    - target: {fileID: 5408443640178062811, guid: b35734fcc348b61429e718cbacf6e4fc, type: 3}
      propertyPath: m_LocalRotation.z
      value: -0.14194708
      objectReference: {fileID: 0}
    - target: {fileID: 5408443640178062811, guid: b35734fcc348b61429e718cbacf6e4fc, type: 3}
      propertyPath: m_LocalEulerAnglesHint.x
      value: -19.134
      objectReference: {fileID: 0}
    - target: {fileID: 5408443640178062811, guid: b35734fcc348b61429e718cbacf6e4fc, type: 3}
      propertyPath: m_LocalEulerAnglesHint.y
      value: -25.192
      objectReference: {fileID: 0}
    - target: {fileID: 5408443640178062811, guid: b35734fcc348b61429e718cbacf6e4fc, type: 3}
      propertyPath: m_LocalEulerAnglesHint.z
      value: -12.638
      objectReference: {fileID: 0}
    - target: {fileID: 8795137910542158615, guid: b35734fcc348b61429e718cbacf6e4fc, type: 3}
      propertyPath: m_Name
      value: Plant_Gr
      objectReference: {fileID: 0}
    m_RemovedComponents: []
  m_SourcePrefab: {fileID: 100100000, guid: b35734fcc348b61429e718cbacf6e4fc, type: 3}
--- !u!4 &3567399151760254675 stripped
Transform:
  m_CorrespondingSourceObject: {fileID: 5408443640178062811, guid: b35734fcc348b61429e718cbacf6e4fc, type: 3}
  m_PrefabInstance: {fileID: 8831370256929493768}
  m_PrefabAsset: {fileID: 0}
