%YAML 1.1
%TAG !u! tag:unity3d.com,2011:
--- !u!1 &5816708850022373562
GameObject:
  m_ObjectHideFlags: 0
  m_CorrespondingSourceObject: {fileID: 0}
  m_PrefabInstance: {fileID: 0}
  m_PrefabAsset: {fileID: 0}
  serializedVersion: 6
  m_Component:
  - component: {fileID: 5816708850022373563}
  m_Layer: 0
  m_Name: Zone_ROCKS_Comp.005
  m_TagString: Untagged
  m_Icon: {fileID: 0}
  m_NavMeshLayer: 0
  m_StaticEditorFlags: 0
  m_IsActive: 1
--- !u!4 &5816708850022373563
Transform:
  m_ObjectHideFlags: 0
  m_CorrespondingSourceObject: {fileID: 0}
  m_PrefabInstance: {fileID: 0}
  m_PrefabAsset: {fileID: 0}
  m_GameObject: {fileID: 5816708850022373562}
  m_LocalRotation: {x: 0, y: 0, z: 0, w: 1}
  m_LocalPosition: {x: 0, y: 0, z: 0}
  m_LocalScale: {x: 1, y: 1, z: 1}
  m_Children:
  - {fileID: 3473662728382078031}
  - {fileID: 5490201144294023929}
  - {fileID: 3473662727680914832}
  - {fileID: 3473662728531768867}
  - {fileID: 2842905770322651054}
  m_Father: {fileID: 0}
  m_RootOrder: 0
  m_LocalEulerAnglesHint: {x: 0, y: 0, z: 0}
--- !u!1001 &5816708847978956961
PrefabInstance:
  m_ObjectHideFlags: 0
  serializedVersion: 2
  m_Modification:
    m_TransformParent: {fileID: 5816708850022373563}
    m_Modifications:
    - target: {fileID: 2861812503060367740, guid: dd541758878c09d4985cdeaf585a71c6, type: 3}
      propertyPath: m_LocalPosition.x
      value: 1.01
      objectReference: {fileID: 0}
    - target: {fileID: 2861812503060367740, guid: dd541758878c09d4985cdeaf585a71c6, type: 3}
      propertyPath: m_LocalPosition.y
      value: 1.7
      objectReference: {fileID: 0}
    - target: {fileID: 2861812503060367740, guid: dd541758878c09d4985cdeaf585a71c6, type: 3}
      propertyPath: m_LocalPosition.z
      value: 1.24
      objectReference: {fileID: 0}
    - target: {fileID: 2861812503060367740, guid: dd541758878c09d4985cdeaf585a71c6, type: 3}
      propertyPath: m_LocalRotation.w
      value: 0.99673676
      objectReference: {fileID: 0}
    - target: {fileID: 2861812503060367740, guid: dd541758878c09d4985cdeaf585a71c6, type: 3}
      propertyPath: m_LocalRotation.x
      value: 0.02079671
      objectReference: {fileID: 0}
    - target: {fileID: 2861812503060367740, guid: dd541758878c09d4985cdeaf585a71c6, type: 3}
      propertyPath: m_LocalRotation.y
      value: -0.07726601
      objectReference: {fileID: 0}
    - target: {fileID: 2861812503060367740, guid: dd541758878c09d4985cdeaf585a71c6, type: 3}
      propertyPath: m_LocalRotation.z
      value: -0.010649852
      objectReference: {fileID: 0}
    - target: {fileID: 2861812503060367740, guid: dd541758878c09d4985cdeaf585a71c6, type: 3}
      propertyPath: m_LocalEulerAnglesHint.x
      value: 2.282
      objectReference: {fileID: 0}
    - target: {fileID: 2861812503060367740, guid: dd541758878c09d4985cdeaf585a71c6, type: 3}
      propertyPath: m_LocalEulerAnglesHint.y
      value: -8.893
      objectReference: {fileID: 0}
    - target: {fileID: 2861812503060367740, guid: dd541758878c09d4985cdeaf585a71c6, type: 3}
      propertyPath: m_LocalEulerAnglesHint.z
      value: -1.402
      objectReference: {fileID: 0}
    - target: {fileID: 4079742497239090783, guid: dd541758878c09d4985cdeaf585a71c6, type: 3}
      propertyPath: m_LocalScale.x
      value: 1.3975
      objectReference: {fileID: 0}
    - target: {fileID: 4079742497239090783, guid: dd541758878c09d4985cdeaf585a71c6, type: 3}
      propertyPath: m_LocalScale.y
      value: 1.3975
      objectReference: {fileID: 0}
    - target: {fileID: 4079742497239090783, guid: dd541758878c09d4985cdeaf585a71c6, type: 3}
      propertyPath: m_LocalScale.z
      value: 1.3975
      objectReference: {fileID: 0}
    - target: {fileID: 4079742497239090783, guid: dd541758878c09d4985cdeaf585a71c6, type: 3}
      propertyPath: m_LocalPosition.x
      value: -3.01
      objectReference: {fileID: 0}
    - target: {fileID: 4079742497239090783, guid: dd541758878c09d4985cdeaf585a71c6, type: 3}
      propertyPath: m_LocalPosition.y
      value: -0.36
      objectReference: {fileID: 0}
    - target: {fileID: 4079742497239090783, guid: dd541758878c09d4985cdeaf585a71c6, type: 3}
      propertyPath: m_LocalPosition.z
      value: -5.23
      objectReference: {fileID: 0}
    - target: {fileID: 4079742497239090783, guid: dd541758878c09d4985cdeaf585a71c6, type: 3}
      propertyPath: m_LocalRotation.w
      value: 0.89104366
      objectReference: {fileID: 0}
    - target: {fileID: 4079742497239090783, guid: dd541758878c09d4985cdeaf585a71c6, type: 3}
      propertyPath: m_LocalRotation.x
      value: 0.43479466
      objectReference: {fileID: 0}
    - target: {fileID: 4079742497239090783, guid: dd541758878c09d4985cdeaf585a71c6, type: 3}
      propertyPath: m_LocalRotation.y
      value: 0.010931164
      objectReference: {fileID: 0}
    - target: {fileID: 4079742497239090783, guid: dd541758878c09d4985cdeaf585a71c6, type: 3}
      propertyPath: m_LocalRotation.z
      value: 0.12990534
      objectReference: {fileID: 0}
    - target: {fileID: 4079742497239090783, guid: dd541758878c09d4985cdeaf585a71c6, type: 3}
      propertyPath: m_LocalEulerAnglesHint.x
      value: 50.534
      objectReference: {fileID: 0}
    - target: {fileID: 4079742497239090783, guid: dd541758878c09d4985cdeaf585a71c6, type: 3}
      propertyPath: m_LocalEulerAnglesHint.y
      value: 12.027
      objectReference: {fileID: 0}
    - target: {fileID: 4079742497239090783, guid: dd541758878c09d4985cdeaf585a71c6, type: 3}
      propertyPath: m_LocalEulerAnglesHint.z
      value: 22.282
      objectReference: {fileID: 0}
    - target: {fileID: 8632589447068987151, guid: dd541758878c09d4985cdeaf585a71c6, type: 3}
      propertyPath: m_RootOrder
      value: 4
      objectReference: {fileID: 0}
    - target: {fileID: 8632589447068987151, guid: dd541758878c09d4985cdeaf585a71c6, type: 3}
      propertyPath: m_LocalScale.x
      value: 1.0387096
      objectReference: {fileID: 0}
    - target: {fileID: 8632589447068987151, guid: dd541758878c09d4985cdeaf585a71c6, type: 3}
      propertyPath: m_LocalScale.y
      value: 1.0387096
      objectReference: {fileID: 0}
    - target: {fileID: 8632589447068987151, guid: dd541758878c09d4985cdeaf585a71c6, type: 3}
      propertyPath: m_LocalScale.z
      value: 1.7094046
      objectReference: {fileID: 0}
    - target: {fileID: 8632589447068987151, guid: dd541758878c09d4985cdeaf585a71c6, type: 3}
      propertyPath: m_LocalPosition.x
      value: 16.61185
      objectReference: {fileID: 0}
    - target: {fileID: 8632589447068987151, guid: dd541758878c09d4985cdeaf585a71c6, type: 3}
      propertyPath: m_LocalPosition.y
      value: 11.366696
      objectReference: {fileID: 0}
    - target: {fileID: 8632589447068987151, guid: dd541758878c09d4985cdeaf585a71c6, type: 3}
      propertyPath: m_LocalPosition.z
      value: 13.4366455
      objectReference: {fileID: 0}
    - target: {fileID: 8632589447068987151, guid: dd541758878c09d4985cdeaf585a71c6, type: 3}
      propertyPath: m_LocalRotation.w
      value: -0.37860104
      objectReference: {fileID: 0}
    - target: {fileID: 8632589447068987151, guid: dd541758878c09d4985cdeaf585a71c6, type: 3}
      propertyPath: m_LocalRotation.x
      value: -0.0947829
      objectReference: {fileID: 0}
    - target: {fileID: 8632589447068987151, guid: dd541758878c09d4985cdeaf585a71c6, type: 3}
      propertyPath: m_LocalRotation.y
      value: 0.9139244
      objectReference: {fileID: 0}
    - target: {fileID: 8632589447068987151, guid: dd541758878c09d4985cdeaf585a71c6, type: 3}
      propertyPath: m_LocalRotation.z
      value: 0.11144404
      objectReference: {fileID: 0}
    - target: {fileID: 8632589447068987151, guid: dd541758878c09d4985cdeaf585a71c6, type: 3}
      propertyPath: m_LocalEulerAnglesHint.x
      value: -7.581
      objectReference: {fileID: 0}
    - target: {fileID: 8632589447068987151, guid: dd541758878c09d4985cdeaf585a71c6, type: 3}
      propertyPath: m_LocalEulerAnglesHint.y
      value: 226.008
      objectReference: {fileID: 0}
    - target: {fileID: 8632589447068987151, guid: dd541758878c09d4985cdeaf585a71c6, type: 3}
      propertyPath: m_LocalEulerAnglesHint.z
      value: -15.065
      objectReference: {fileID: 0}
    - target: {fileID: 8973086845401658805, guid: dd541758878c09d4985cdeaf585a71c6, type: 3}
      propertyPath: m_Name
      value: Reef_Comp_Thick_D (13)
      objectReference: {fileID: 0}
    m_RemovedComponents: []
  m_SourcePrefab: {fileID: 100100000, guid: dd541758878c09d4985cdeaf585a71c6, type: 3}
--- !u!4 &2842905770322651054 stripped
Transform:
  m_CorrespondingSourceObject: {fileID: 8632589447068987151, guid: dd541758878c09d4985cdeaf585a71c6, type: 3}
  m_PrefabInstance: {fileID: 5816708847978956961}
  m_PrefabAsset: {fileID: 0}
--- !u!1001 &5816708848771210250
PrefabInstance:
  m_ObjectHideFlags: 0
  serializedVersion: 2
  m_Modification:
    m_TransformParent: {fileID: 5816708850022373563}
    m_Modifications:
    - target: {fileID: 6251453007538840061, guid: f864fa0afea0a0342841fd0cfd00d0e5, type: 3}
      propertyPath: m_LocalScale.x
      value: 1.1465
      objectReference: {fileID: 0}
    - target: {fileID: 6251453007538840061, guid: f864fa0afea0a0342841fd0cfd00d0e5, type: 3}
      propertyPath: m_LocalScale.y
      value: 1.1465
      objectReference: {fileID: 0}
    - target: {fileID: 6251453007538840061, guid: f864fa0afea0a0342841fd0cfd00d0e5, type: 3}
      propertyPath: m_LocalScale.z
      value: 1.1465
      objectReference: {fileID: 0}
    - target: {fileID: 6251453007538840061, guid: f864fa0afea0a0342841fd0cfd00d0e5, type: 3}
      propertyPath: m_LocalPosition.x
      value: 1.54
      objectReference: {fileID: 0}
    - target: {fileID: 6251453007538840061, guid: f864fa0afea0a0342841fd0cfd00d0e5, type: 3}
      propertyPath: m_LocalPosition.y
      value: -1.84
      objectReference: {fileID: 0}
    - target: {fileID: 6251453007538840061, guid: f864fa0afea0a0342841fd0cfd00d0e5, type: 3}
      propertyPath: m_LocalPosition.z
      value: 6.01
      objectReference: {fileID: 0}
    - target: {fileID: 6251453007538840061, guid: f864fa0afea0a0342841fd0cfd00d0e5, type: 3}
      propertyPath: m_LocalRotation.w
      value: 0.99700207
      objectReference: {fileID: 0}
    - target: {fileID: 6251453007538840061, guid: f864fa0afea0a0342841fd0cfd00d0e5, type: 3}
      propertyPath: m_LocalRotation.x
      value: -0.07663294
      objectReference: {fileID: 0}
    - target: {fileID: 6251453007538840061, guid: f864fa0afea0a0342841fd0cfd00d0e5, type: 3}
      propertyPath: m_LocalRotation.y
      value: -0.0037525597
      objectReference: {fileID: 0}
    - target: {fileID: 6251453007538840061, guid: f864fa0afea0a0342841fd0cfd00d0e5, type: 3}
      propertyPath: m_LocalRotation.z
      value: -0.010012948
      objectReference: {fileID: 0}
    - target: {fileID: 6251453007538840061, guid: f864fa0afea0a0342841fd0cfd00d0e5, type: 3}
      propertyPath: m_LocalEulerAnglesHint.x
      value: -8.794
      objectReference: {fileID: 0}
    - target: {fileID: 6251453007538840061, guid: f864fa0afea0a0342841fd0cfd00d0e5, type: 3}
      propertyPath: m_LocalEulerAnglesHint.y
      value: -0.345
      objectReference: {fileID: 0}
    - target: {fileID: 6251453007538840061, guid: f864fa0afea0a0342841fd0cfd00d0e5, type: 3}
      propertyPath: m_LocalEulerAnglesHint.z
      value: -1.124
      objectReference: {fileID: 0}
    - target: {fileID: 6716545293831291570, guid: f864fa0afea0a0342841fd0cfd00d0e5, type: 3}
      propertyPath: m_LocalScale.x
      value: 1.3306
      objectReference: {fileID: 0}
    - target: {fileID: 6716545293831291570, guid: f864fa0afea0a0342841fd0cfd00d0e5, type: 3}
      propertyPath: m_LocalScale.y
      value: 1.3306
      objectReference: {fileID: 0}
    - target: {fileID: 6716545293831291570, guid: f864fa0afea0a0342841fd0cfd00d0e5, type: 3}
      propertyPath: m_LocalScale.z
      value: 1.3306
      objectReference: {fileID: 0}
    - target: {fileID: 6716545293831291570, guid: f864fa0afea0a0342841fd0cfd00d0e5, type: 3}
      propertyPath: m_LocalPosition.x
      value: 3.4602
      objectReference: {fileID: 0}
    - target: {fileID: 6716545293831291570, guid: f864fa0afea0a0342841fd0cfd00d0e5, type: 3}
      propertyPath: m_LocalPosition.y
      value: -0.33442
      objectReference: {fileID: 0}
    - target: {fileID: 6716545293831291570, guid: f864fa0afea0a0342841fd0cfd00d0e5, type: 3}
      propertyPath: m_LocalPosition.z
      value: -0.89472
      objectReference: {fileID: 0}
    - target: {fileID: 6957485528753596969, guid: f864fa0afea0a0342841fd0cfd00d0e5, type: 3}
      propertyPath: m_RootOrder
      value: 3
      objectReference: {fileID: 0}
    - target: {fileID: 6957485528753596969, guid: f864fa0afea0a0342841fd0cfd00d0e5, type: 3}
      propertyPath: m_LocalScale.x
      value: 1.165382
      objectReference: {fileID: 0}
    - target: {fileID: 6957485528753596969, guid: f864fa0afea0a0342841fd0cfd00d0e5, type: 3}
      propertyPath: m_LocalScale.y
      value: 2.7560616
      objectReference: {fileID: 0}
    - target: {fileID: 6957485528753596969, guid: f864fa0afea0a0342841fd0cfd00d0e5, type: 3}
      propertyPath: m_LocalScale.z
      value: 1.7367582
      objectReference: {fileID: 0}
    - target: {fileID: 6957485528753596969, guid: f864fa0afea0a0342841fd0cfd00d0e5, type: 3}
      propertyPath: m_LocalPosition.x
      value: -0.6740036
      objectReference: {fileID: 0}
    - target: {fileID: 6957485528753596969, guid: f864fa0afea0a0342841fd0cfd00d0e5, type: 3}
      propertyPath: m_LocalPosition.y
      value: 18.809525
      objectReference: {fileID: 0}
    - target: {fileID: 6957485528753596969, guid: f864fa0afea0a0342841fd0cfd00d0e5, type: 3}
      propertyPath: m_LocalPosition.z
      value: 14.139587
      objectReference: {fileID: 0}
    - target: {fileID: 6957485528753596969, guid: f864fa0afea0a0342841fd0cfd00d0e5, type: 3}
      propertyPath: m_LocalRotation.w
      value: 0.43398985
      objectReference: {fileID: 0}
    - target: {fileID: 6957485528753596969, guid: f864fa0afea0a0342841fd0cfd00d0e5, type: 3}
      propertyPath: m_LocalRotation.x
      value: 0.09528183
      objectReference: {fileID: 0}
    - target: {fileID: 6957485528753596969, guid: f864fa0afea0a0342841fd0cfd00d0e5, type: 3}
      propertyPath: m_LocalRotation.y
      value: -0.8244891
      objectReference: {fileID: 0}
    - target: {fileID: 6957485528753596969, guid: f864fa0afea0a0342841fd0cfd00d0e5, type: 3}
      propertyPath: m_LocalRotation.z
      value: 0.35041663
      objectReference: {fileID: 0}
    - target: {fileID: 6957485528753596969, guid: f864fa0afea0a0342841fd0cfd00d0e5, type: 3}
      propertyPath: m_LocalEulerAnglesHint.x
      value: 41.341
      objectReference: {fileID: 0}
    - target: {fileID: 6957485528753596969, guid: f864fa0afea0a0342841fd0cfd00d0e5, type: 3}
      propertyPath: m_LocalEulerAnglesHint.y
      value: -120.205
      objectReference: {fileID: 0}
    - target: {fileID: 6957485528753596969, guid: f864fa0afea0a0342841fd0cfd00d0e5, type: 3}
      propertyPath: m_LocalEulerAnglesHint.z
      value: 11.294
      objectReference: {fileID: 0}
    - target: {fileID: 7765934830989553811, guid: f864fa0afea0a0342841fd0cfd00d0e5, type: 3}
      propertyPath: m_Name
      value: Reef_Comp_Thick_B (5)
      objectReference: {fileID: 0}
    m_RemovedComponents: []
  m_SourcePrefab: {fileID: 100100000, guid: f864fa0afea0a0342841fd0cfd00d0e5, type: 3}
--- !u!4 &3473662728531768867 stripped
Transform:
  m_CorrespondingSourceObject: {fileID: 6957485528753596969, guid: f864fa0afea0a0342841fd0cfd00d0e5, type: 3}
  m_PrefabInstance: {fileID: 5816708848771210250}
  m_PrefabAsset: {fileID: 0}
--- !u!1001 &5816708848924046950
PrefabInstance:
  m_ObjectHideFlags: 0
  serializedVersion: 2
  m_Modification:
    m_TransformParent: {fileID: 5816708850022373563}
    m_Modifications:
    - target: {fileID: 1179050385279176626, guid: f864fa0afea0a0342841fd0cfd00d0e5, type: 3}
      propertyPath: m_LocalPosition.x
      value: -1.81
      objectReference: {fileID: 0}
    - target: {fileID: 1179050385279176626, guid: f864fa0afea0a0342841fd0cfd00d0e5, type: 3}
      propertyPath: m_LocalPosition.y
      value: 5.27
      objectReference: {fileID: 0}
    - target: {fileID: 1179050385279176626, guid: f864fa0afea0a0342841fd0cfd00d0e5, type: 3}
      propertyPath: m_LocalPosition.z
      value: -2.78
      objectReference: {fileID: 0}
    - target: {fileID: 1179050385279176626, guid: f864fa0afea0a0342841fd0cfd00d0e5, type: 3}
      propertyPath: m_LocalRotation.w
      value: 0.7901274
      objectReference: {fileID: 0}
    - target: {fileID: 1179050385279176626, guid: f864fa0afea0a0342841fd0cfd00d0e5, type: 3}
      propertyPath: m_LocalRotation.x
      value: -0.14930207
      objectReference: {fileID: 0}
    - target: {fileID: 1179050385279176626, guid: f864fa0afea0a0342841fd0cfd00d0e5, type: 3}
      propertyPath: m_LocalRotation.y
      value: -0.58426744
      objectReference: {fileID: 0}
    - target: {fileID: 1179050385279176626, guid: f864fa0afea0a0342841fd0cfd00d0e5, type: 3}
      propertyPath: m_LocalRotation.z
      value: 0.109723054
      objectReference: {fileID: 0}
    - target: {fileID: 1179050385279176626, guid: f864fa0afea0a0342841fd0cfd00d0e5, type: 3}
      propertyPath: m_LocalEulerAnglesHint.x
      value: -6.184
      objectReference: {fileID: 0}
    - target: {fileID: 1179050385279176626, guid: f864fa0afea0a0342841fd0cfd00d0e5, type: 3}
      propertyPath: m_LocalEulerAnglesHint.y
      value: -74.081
      objectReference: {fileID: 0}
    - target: {fileID: 1179050385279176626, guid: f864fa0afea0a0342841fd0cfd00d0e5, type: 3}
      propertyPath: m_LocalEulerAnglesHint.z
      value: 20.481
      objectReference: {fileID: 0}
    - target: {fileID: 6716545293831291570, guid: f864fa0afea0a0342841fd0cfd00d0e5, type: 3}
      propertyPath: m_LocalScale.z
      value: 1.4265
      objectReference: {fileID: 0}
    - target: {fileID: 6716545293831291570, guid: f864fa0afea0a0342841fd0cfd00d0e5, type: 3}
      propertyPath: m_LocalPosition.x
      value: 3.62
      objectReference: {fileID: 0}
    - target: {fileID: 6716545293831291570, guid: f864fa0afea0a0342841fd0cfd00d0e5, type: 3}
      propertyPath: m_LocalPosition.y
      value: -0.81
      objectReference: {fileID: 0}
    - target: {fileID: 6716545293831291570, guid: f864fa0afea0a0342841fd0cfd00d0e5, type: 3}
      propertyPath: m_LocalPosition.z
      value: -1.24
      objectReference: {fileID: 0}
    - target: {fileID: 6957485528753596969, guid: f864fa0afea0a0342841fd0cfd00d0e5, type: 3}
      propertyPath: m_RootOrder
      value: 0
      objectReference: {fileID: 0}
    - target: {fileID: 6957485528753596969, guid: f864fa0afea0a0342841fd0cfd00d0e5, type: 3}
      propertyPath: m_LocalScale.x
      value: 1.8319808
      objectReference: {fileID: 0}
    - target: {fileID: 6957485528753596969, guid: f864fa0afea0a0342841fd0cfd00d0e5, type: 3}
      propertyPath: m_LocalScale.y
      value: 2.7560613
      objectReference: {fileID: 0}
    - target: {fileID: 6957485528753596969, guid: f864fa0afea0a0342841fd0cfd00d0e5, type: 3}
      propertyPath: m_LocalScale.z
      value: 1.736758
      objectReference: {fileID: 0}
    - target: {fileID: 6957485528753596969, guid: f864fa0afea0a0342841fd0cfd00d0e5, type: 3}
      propertyPath: m_LocalPosition.x
      value: 22.156254
      objectReference: {fileID: 0}
    - target: {fileID: 6957485528753596969, guid: f864fa0afea0a0342841fd0cfd00d0e5, type: 3}
      propertyPath: m_LocalPosition.y
      value: 8.465486
      objectReference: {fileID: 0}
    - target: {fileID: 6957485528753596969, guid: f864fa0afea0a0342841fd0cfd00d0e5, type: 3}
      propertyPath: m_LocalPosition.z
      value: -10.957642
      objectReference: {fileID: 0}
    - target: {fileID: 6957485528753596969, guid: f864fa0afea0a0342841fd0cfd00d0e5, type: 3}
      propertyPath: m_LocalRotation.w
      value: -0.7451546
      objectReference: {fileID: 0}
    - target: {fileID: 6957485528753596969, guid: f864fa0afea0a0342841fd0cfd00d0e5, type: 3}
      propertyPath: m_LocalRotation.x
      value: 0.31347394
      objectReference: {fileID: 0}
    - target: {fileID: 6957485528753596969, guid: f864fa0afea0a0342841fd0cfd00d0e5, type: 3}
      propertyPath: m_LocalRotation.y
      value: 0.22908887
      objectReference: {fileID: 0}
    - target: {fileID: 6957485528753596969, guid: f864fa0afea0a0342841fd0cfd00d0e5, type: 3}
      propertyPath: m_LocalRotation.z
      value: -0.542215
      objectReference: {fileID: 0}
    - target: {fileID: 6957485528753596969, guid: f864fa0afea0a0342841fd0cfd00d0e5, type: 3}
      propertyPath: m_LocalEulerAnglesHint.x
      value: -12.635
      objectReference: {fileID: 0}
    - target: {fileID: 6957485528753596969, guid: f864fa0afea0a0342841fd0cfd00d0e5, type: 3}
      propertyPath: m_LocalEulerAnglesHint.y
      value: -404.288
      objectReference: {fileID: 0}
    - target: {fileID: 6957485528753596969, guid: f864fa0afea0a0342841fd0cfd00d0e5, type: 3}
      propertyPath: m_LocalEulerAnglesHint.z
      value: 77.243
      objectReference: {fileID: 0}
    - target: {fileID: 7765934830989553811, guid: f864fa0afea0a0342841fd0cfd00d0e5, type: 3}
      propertyPath: m_Name
      value: Reef_Comp_Thick_B (6)
      objectReference: {fileID: 0}
    - target: {fileID: 8830652593763929345, guid: f864fa0afea0a0342841fd0cfd00d0e5, type: 3}
      propertyPath: m_LocalScale.x
      value: 1.4099
      objectReference: {fileID: 0}
    - target: {fileID: 8830652593763929345, guid: f864fa0afea0a0342841fd0cfd00d0e5, type: 3}
      propertyPath: m_LocalScale.y
      value: 1.4099
      objectReference: {fileID: 0}
    - target: {fileID: 8830652593763929345, guid: f864fa0afea0a0342841fd0cfd00d0e5, type: 3}
      propertyPath: m_LocalScale.z
      value: 1.4099
      objectReference: {fileID: 0}
    - target: {fileID: 8830652593763929345, guid: f864fa0afea0a0342841fd0cfd00d0e5, type: 3}
      propertyPath: m_LocalPosition.x
      value: -0.93
      objectReference: {fileID: 0}
    - target: {fileID: 8830652593763929345, guid: f864fa0afea0a0342841fd0cfd00d0e5, type: 3}
      propertyPath: m_LocalPosition.y
      value: 4.35
      objectReference: {fileID: 0}
    - target: {fileID: 8830652593763929345, guid: f864fa0afea0a0342841fd0cfd00d0e5, type: 3}
      propertyPath: m_LocalPosition.z
      value: 3.99
      objectReference: {fileID: 0}
    - target: {fileID: 8830652593763929345, guid: f864fa0afea0a0342841fd0cfd00d0e5, type: 3}
      propertyPath: m_LocalRotation.w
      value: 0.9700579
      objectReference: {fileID: 0}
    - target: {fileID: 8830652593763929345, guid: f864fa0afea0a0342841fd0cfd00d0e5, type: 3}
      propertyPath: m_LocalRotation.x
      value: 0.057957582
      objectReference: {fileID: 0}
    - target: {fileID: 8830652593763929345, guid: f864fa0afea0a0342841fd0cfd00d0e5, type: 3}
      propertyPath: m_LocalRotation.y
      value: 0.22497828
      objectReference: {fileID: 0}
    - target: {fileID: 8830652593763929345, guid: f864fa0afea0a0342841fd0cfd00d0e5, type: 3}
      propertyPath: m_LocalRotation.z
      value: 0.070805475
      objectReference: {fileID: 0}
    - target: {fileID: 8830652593763929345, guid: f864fa0afea0a0342841fd0cfd00d0e5, type: 3}
      propertyPath: m_LocalEulerAnglesHint.x
      value: 4.622
      objectReference: {fileID: 0}
    - target: {fileID: 8830652593763929345, guid: f864fa0afea0a0342841fd0cfd00d0e5, type: 3}
      propertyPath: m_LocalEulerAnglesHint.y
      value: 26.496
      objectReference: {fileID: 0}
    - target: {fileID: 8830652593763929345, guid: f864fa0afea0a0342841fd0cfd00d0e5, type: 3}
      propertyPath: m_LocalEulerAnglesHint.z
      value: 9.438
      objectReference: {fileID: 0}
    m_RemovedComponents: []
  m_SourcePrefab: {fileID: 100100000, guid: f864fa0afea0a0342841fd0cfd00d0e5, type: 3}
--- !u!4 &3473662728382078031 stripped
Transform:
  m_CorrespondingSourceObject: {fileID: 6957485528753596969, guid: f864fa0afea0a0342841fd0cfd00d0e5, type: 3}
  m_PrefabInstance: {fileID: 5816708848924046950}
  m_PrefabAsset: {fileID: 0}
--- !u!1001 &5816708849623113657
PrefabInstance:
  m_ObjectHideFlags: 0
  serializedVersion: 2
  m_Modification:
    m_TransformParent: {fileID: 5816708850022373563}
    m_Modifications:
    - target: {fileID: 783532628874827529, guid: f864fa0afea0a0342841fd0cfd00d0e5, type: 3}
      propertyPath: m_LocalScale.y
      value: 1.4966
      objectReference: {fileID: 0}
    - target: {fileID: 783532628874827529, guid: f864fa0afea0a0342841fd0cfd00d0e5, type: 3}
      propertyPath: m_LocalScale.z
      value: 1.1021
      objectReference: {fileID: 0}
    - target: {fileID: 783532628874827529, guid: f864fa0afea0a0342841fd0cfd00d0e5, type: 3}
      propertyPath: m_LocalPosition.x
      value: -0.05
      objectReference: {fileID: 0}
    - target: {fileID: 783532628874827529, guid: f864fa0afea0a0342841fd0cfd00d0e5, type: 3}
      propertyPath: m_LocalPosition.y
      value: -4.52
      objectReference: {fileID: 0}
    - target: {fileID: 783532628874827529, guid: f864fa0afea0a0342841fd0cfd00d0e5, type: 3}
      propertyPath: m_LocalPosition.z
      value: -2.29
      objectReference: {fileID: 0}
    - target: {fileID: 783532628874827529, guid: f864fa0afea0a0342841fd0cfd00d0e5, type: 3}
      propertyPath: m_LocalRotation.w
      value: 0.9747075
      objectReference: {fileID: 0}
    - target: {fileID: 783532628874827529, guid: f864fa0afea0a0342841fd0cfd00d0e5, type: 3}
      propertyPath: m_LocalRotation.x
      value: -0.110017754
      objectReference: {fileID: 0}
    - target: {fileID: 783532628874827529, guid: f864fa0afea0a0342841fd0cfd00d0e5, type: 3}
      propertyPath: m_LocalRotation.y
      value: -0.023354203
      objectReference: {fileID: 0}
    - target: {fileID: 783532628874827529, guid: f864fa0afea0a0342841fd0cfd00d0e5, type: 3}
      propertyPath: m_LocalRotation.z
      value: 0.19312173
      objectReference: {fileID: 0}
    - target: {fileID: 783532628874827529, guid: f864fa0afea0a0342841fd0cfd00d0e5, type: 3}
      propertyPath: m_LocalEulerAnglesHint.x
      value: -11.856
      objectReference: {fileID: 0}
    - target: {fileID: 783532628874827529, guid: f864fa0afea0a0342841fd0cfd00d0e5, type: 3}
      propertyPath: m_LocalEulerAnglesHint.y
      value: -5.16
      objectReference: {fileID: 0}
    - target: {fileID: 783532628874827529, guid: f864fa0afea0a0342841fd0cfd00d0e5, type: 3}
      propertyPath: m_LocalEulerAnglesHint.z
      value: 22.95
      objectReference: {fileID: 0}
    - target: {fileID: 1390412763990658106, guid: f864fa0afea0a0342841fd0cfd00d0e5, type: 3}
      propertyPath: m_IsActive
      value: 0
      objectReference: {fileID: 0}
    - target: {fileID: 2559839776718448221, guid: f864fa0afea0a0342841fd0cfd00d0e5, type: 3}
      propertyPath: m_IsActive
      value: 0
      objectReference: {fileID: 0}
    - target: {fileID: 4743434313786670870, guid: f864fa0afea0a0342841fd0cfd00d0e5, type: 3}
      propertyPath: m_LocalScale.x
      value: 0.89343
      objectReference: {fileID: 0}
    - target: {fileID: 4743434313786670870, guid: f864fa0afea0a0342841fd0cfd00d0e5, type: 3}
      propertyPath: m_LocalScale.y
      value: 0.89343
      objectReference: {fileID: 0}
    - target: {fileID: 4743434313786670870, guid: f864fa0afea0a0342841fd0cfd00d0e5, type: 3}
      propertyPath: m_LocalScale.z
      value: 0.89343
      objectReference: {fileID: 0}
    - target: {fileID: 4743434313786670870, guid: f864fa0afea0a0342841fd0cfd00d0e5, type: 3}
      propertyPath: m_LocalPosition.x
      value: -0.29
      objectReference: {fileID: 0}
    - target: {fileID: 4743434313786670870, guid: f864fa0afea0a0342841fd0cfd00d0e5, type: 3}
      propertyPath: m_LocalPosition.y
      value: 1.36
      objectReference: {fileID: 0}
    - target: {fileID: 4743434313786670870, guid: f864fa0afea0a0342841fd0cfd00d0e5, type: 3}
      propertyPath: m_LocalPosition.z
      value: 1.72
      objectReference: {fileID: 0}
    - target: {fileID: 6251453007538840061, guid: f864fa0afea0a0342841fd0cfd00d0e5, type: 3}
      propertyPath: m_LocalScale.x
      value: 0.8965
      objectReference: {fileID: 0}
    - target: {fileID: 6251453007538840061, guid: f864fa0afea0a0342841fd0cfd00d0e5, type: 3}
      propertyPath: m_LocalScale.y
      value: 0.8965
      objectReference: {fileID: 0}
    - target: {fileID: 6251453007538840061, guid: f864fa0afea0a0342841fd0cfd00d0e5, type: 3}
      propertyPath: m_LocalScale.z
      value: 0.8965
      objectReference: {fileID: 0}
    - target: {fileID: 6251453007538840061, guid: f864fa0afea0a0342841fd0cfd00d0e5, type: 3}
      propertyPath: m_LocalPosition.x
      value: 1.93
      objectReference: {fileID: 0}
    - target: {fileID: 6251453007538840061, guid: f864fa0afea0a0342841fd0cfd00d0e5, type: 3}
      propertyPath: m_LocalPosition.y
      value: -2.53
      objectReference: {fileID: 0}
    - target: {fileID: 6251453007538840061, guid: f864fa0afea0a0342841fd0cfd00d0e5, type: 3}
      propertyPath: m_LocalPosition.z
      value: 5.16
      objectReference: {fileID: 0}
    - target: {fileID: 6716545293831291570, guid: f864fa0afea0a0342841fd0cfd00d0e5, type: 3}
      propertyPath: m_LocalScale.x
      value: 1.2577
      objectReference: {fileID: 0}
    - target: {fileID: 6716545293831291570, guid: f864fa0afea0a0342841fd0cfd00d0e5, type: 3}
      propertyPath: m_LocalScale.y
      value: 1.2577
      objectReference: {fileID: 0}
    - target: {fileID: 6716545293831291570, guid: f864fa0afea0a0342841fd0cfd00d0e5, type: 3}
      propertyPath: m_LocalScale.z
      value: 1.2577
      objectReference: {fileID: 0}
    - target: {fileID: 6716545293831291570, guid: f864fa0afea0a0342841fd0cfd00d0e5, type: 3}
      propertyPath: m_LocalPosition.x
      value: 3.29
      objectReference: {fileID: 0}
    - target: {fileID: 6716545293831291570, guid: f864fa0afea0a0342841fd0cfd00d0e5, type: 3}
      propertyPath: m_LocalPosition.y
      value: -0.35
      objectReference: {fileID: 0}
    - target: {fileID: 6716545293831291570, guid: f864fa0afea0a0342841fd0cfd00d0e5, type: 3}
      propertyPath: m_LocalPosition.z
      value: -1.31
      objectReference: {fileID: 0}
    - target: {fileID: 6957485528753596969, guid: f864fa0afea0a0342841fd0cfd00d0e5, type: 3}
      propertyPath: m_RootOrder
      value: 2
      objectReference: {fileID: 0}
    - target: {fileID: 6957485528753596969, guid: f864fa0afea0a0342841fd0cfd00d0e5, type: 3}
      propertyPath: m_LocalScale.x
      value: 2.4089003
      objectReference: {fileID: 0}
    - target: {fileID: 6957485528753596969, guid: f864fa0afea0a0342841fd0cfd00d0e5, type: 3}
      propertyPath: m_LocalScale.y
      value: 2.4089
      objectReference: {fileID: 0}
    - target: {fileID: 6957485528753596969, guid: f864fa0afea0a0342841fd0cfd00d0e5, type: 3}
      propertyPath: m_LocalScale.z
      value: 2.4089
      objectReference: {fileID: 0}
    - target: {fileID: 6957485528753596969, guid: f864fa0afea0a0342841fd0cfd00d0e5, type: 3}
      propertyPath: m_LocalPosition.x
      value: -30.300001
      objectReference: {fileID: 0}
    - target: {fileID: 6957485528753596969, guid: f864fa0afea0a0342841fd0cfd00d0e5, type: 3}
      propertyPath: m_LocalPosition.y
      value: 25.52789
      objectReference: {fileID: 0}
    - target: {fileID: 6957485528753596969, guid: f864fa0afea0a0342841fd0cfd00d0e5, type: 3}
      propertyPath: m_LocalPosition.z
      value: -16.599976
      objectReference: {fileID: 0}
    - target: {fileID: 6957485528753596969, guid: f864fa0afea0a0342841fd0cfd00d0e5, type: 3}
      propertyPath: m_LocalRotation.w
      value: 0.93118745
      objectReference: {fileID: 0}
    - target: {fileID: 6957485528753596969, guid: f864fa0afea0a0342841fd0cfd00d0e5, type: 3}
      propertyPath: m_LocalRotation.x
      value: -0.12396453
      objectReference: {fileID: 0}
    - target: {fileID: 6957485528753596969, guid: f864fa0afea0a0342841fd0cfd00d0e5, type: 3}
      propertyPath: m_LocalRotation.y
      value: 0.34248927
      objectReference: {fileID: 0}
    - target: {fileID: 6957485528753596969, guid: f864fa0afea0a0342841fd0cfd00d0e5, type: 3}
      propertyPath: m_LocalRotation.z
      value: 0.014962729
      objectReference: {fileID: 0}
    - target: {fileID: 6957485528753596969, guid: f864fa0afea0a0342841fd0cfd00d0e5, type: 3}
      propertyPath: m_LocalEulerAnglesHint.x
      value: -13.953
      objectReference: {fileID: 0}
    - target: {fileID: 6957485528753596969, guid: f864fa0afea0a0342841fd0cfd00d0e5, type: 3}
      propertyPath: m_LocalEulerAnglesHint.y
      value: 40.799
      objectReference: {fileID: 0}
    - target: {fileID: 6957485528753596969, guid: f864fa0afea0a0342841fd0cfd00d0e5, type: 3}
      propertyPath: m_LocalEulerAnglesHint.z
      value: -3.37
      objectReference: {fileID: 0}
    - target: {fileID: 7765934830989553811, guid: f864fa0afea0a0342841fd0cfd00d0e5, type: 3}
      propertyPath: m_Name
      value: Reef_Comp_Thick_B (7)
      objectReference: {fileID: 0}
    m_RemovedComponents: []
  m_SourcePrefab: {fileID: 100100000, guid: f864fa0afea0a0342841fd0cfd00d0e5, type: 3}
--- !u!4 &3473662727680914832 stripped
Transform:
  m_CorrespondingSourceObject: {fileID: 6957485528753596969, guid: f864fa0afea0a0342841fd0cfd00d0e5, type: 3}
  m_PrefabInstance: {fileID: 5816708849623113657}
  m_PrefabAsset: {fileID: 0}
--- !u!1001 &5816708850031018678
PrefabInstance:
  m_ObjectHideFlags: 0
  serializedVersion: 2
  m_Modification:
    m_TransformParent: {fileID: 5816708850022373563}
    m_Modifications:
    - target: {fileID: 1287174080650817484, guid: 800703dd87876484097dd09f68eb79be, type: 3}
      propertyPath: m_LocalPosition.x
      value: -0.08
      objectReference: {fileID: 0}
    - target: {fileID: 1287174080650817484, guid: 800703dd87876484097dd09f68eb79be, type: 3}
      propertyPath: m_LocalPosition.y
      value: 2.88
      objectReference: {fileID: 0}
    - target: {fileID: 1287174080650817484, guid: 800703dd87876484097dd09f68eb79be, type: 3}
      propertyPath: m_LocalPosition.z
      value: -1.66
      objectReference: {fileID: 0}
    - target: {fileID: 1712447131377122037, guid: 800703dd87876484097dd09f68eb79be, type: 3}
      propertyPath: m_Name
      value: Reef_Comp_Sharp_A (24)
      objectReference: {fileID: 0}
    - target: {fileID: 2055898982079455311, guid: 800703dd87876484097dd09f68eb79be, type: 3}
      propertyPath: m_RootOrder
      value: 1
      objectReference: {fileID: 0}
    - target: {fileID: 2055898982079455311, guid: 800703dd87876484097dd09f68eb79be, type: 3}
      propertyPath: m_LocalScale.x
      value: 3.8712373
      objectReference: {fileID: 0}
    - target: {fileID: 2055898982079455311, guid: 800703dd87876484097dd09f68eb79be, type: 3}
      propertyPath: m_LocalScale.y
      value: 3.8293426
      objectReference: {fileID: 0}
    - target: {fileID: 2055898982079455311, guid: 800703dd87876484097dd09f68eb79be, type: 3}
      propertyPath: m_LocalScale.z
      value: 3.9262447
      objectReference: {fileID: 0}
    - target: {fileID: 2055898982079455311, guid: 800703dd87876484097dd09f68eb79be, type: 3}
      propertyPath: m_LocalPosition.x
      value: 7.4758415
      objectReference: {fileID: 0}
    - target: {fileID: 2055898982079455311, guid: 800703dd87876484097dd09f68eb79be, type: 3}
      propertyPath: m_LocalPosition.y
      value: 1.1787014
      objectReference: {fileID: 0}
    - target: {fileID: 2055898982079455311, guid: 800703dd87876484097dd09f68eb79be, type: 3}
      propertyPath: m_LocalPosition.z
      value: -2.7737427
      objectReference: {fileID: 0}
    - target: {fileID: 2055898982079455311, guid: 800703dd87876484097dd09f68eb79be, type: 3}
      propertyPath: m_LocalRotation.w
      value: 0.93359584
      objectReference: {fileID: 0}
    - target: {fileID: 2055898982079455311, guid: 800703dd87876484097dd09f68eb79be, type: 3}
      propertyPath: m_LocalRotation.x
      value: -0.27452818
      objectReference: {fileID: 0}
    - target: {fileID: 2055898982079455311, guid: 800703dd87876484097dd09f68eb79be, type: 3}
      propertyPath: m_LocalRotation.y
      value: 0.21597181
      objectReference: {fileID: 0}
    - target: {fileID: 2055898982079455311, guid: 800703dd87876484097dd09f68eb79be, type: 3}
      propertyPath: m_LocalRotation.z
      value: 0.07993301
      objectReference: {fileID: 0}
    - target: {fileID: 2055898982079455311, guid: 800703dd87876484097dd09f68eb79be, type: 3}
      propertyPath: m_LocalEulerAnglesHint.x
      value: 213.17
      objectReference: {fileID: 0}
    - target: {fileID: 2055898982079455311, guid: 800703dd87876484097dd09f68eb79be, type: 3}
      propertyPath: m_LocalEulerAnglesHint.y
      value: 925.425
      objectReference: {fileID: 0}
    - target: {fileID: 2055898982079455311, guid: 800703dd87876484097dd09f68eb79be, type: 3}
      propertyPath: m_LocalEulerAnglesHint.z
      value: 182.1
      objectReference: {fileID: 0}
    - target: {fileID: 4738582557097982967, guid: 800703dd87876484097dd09f68eb79be, type: 3}
      propertyPath: m_LocalPosition.x
      value: -1.97
      objectReference: {fileID: 0}
    - target: {fileID: 4738582557097982967, guid: 800703dd87876484097dd09f68eb79be, type: 3}
      propertyPath: m_LocalPosition.y
      value: 3.02
      objectReference: {fileID: 0}
    - target: {fileID: 4738582557097982967, guid: 800703dd87876484097dd09f68eb79be, type: 3}
      propertyPath: m_LocalPosition.z
      value: 1.05
      objectReference: {fileID: 0}
    m_RemovedComponents: []
  m_SourcePrefab: {fileID: 100100000, guid: 800703dd87876484097dd09f68eb79be, type: 3}
--- !u!4 &5490201144294023929 stripped
Transform:
  m_CorrespondingSourceObject: {fileID: 2055898982079455311, guid: 800703dd87876484097dd09f68eb79be, type: 3}
  m_PrefabInstance: {fileID: 5816708850031018678}
  m_PrefabAsset: {fileID: 0}
