%YAML 1.1
%TAG !u! tag:unity3d.com,2011:
--- !u!1 &5040208796474255819
GameObject:
  m_ObjectHideFlags: 0
  m_CorrespondingSourceObject: {fileID: 0}
  m_PrefabInstance: {fileID: 0}
  m_PrefabAsset: {fileID: 0}
  serializedVersion: 6
  m_Component:
  - component: {fileID: 6208941412458012589}
  m_Layer: 0
  m_Name: Reef_Compo_M01
  m_TagString: Untagged
  m_Icon: {fileID: 0}
  m_NavMeshLayer: 0
  m_StaticEditorFlags: 0
  m_IsActive: 1
--- !u!4 &6208941412458012589
Transform:
  m_ObjectHideFlags: 0
  m_CorrespondingSourceObject: {fileID: 0}
  m_PrefabInstance: {fileID: 0}
  m_PrefabAsset: {fileID: 0}
  m_GameObject: {fileID: 5040208796474255819}
  m_LocalRotation: {x: 0, y: 0, z: 0, w: 1}
  m_LocalPosition: {x: -10.1, y: -18.2, z: 16.6}
  m_LocalScale: {x: 0.64177, y: 0.64177, z: 0.64177}
  m_Children:
  - {fileID: 525779828011791328}
  - {fileID: 1839875979654038524}
  - {fileID: 2183527884396150250}
  m_Father: {fileID: 0}
  m_RootOrder: 0
  m_LocalEulerAnglesHint: {x: 0, y: 0, z: 0}
--- !u!1001 &2162347986804311193
PrefabInstance:
  m_ObjectHideFlags: 0
  serializedVersion: 2
  m_Modification:
    m_TransformParent: {fileID: 6208941412458012589}
    m_Modifications:
    - target: {fileID: 351029984378444779, guid: 9e6af3a9f93fa9a46ae4632d7a2af9a9, type: 3}
      propertyPath: m_Materials.Array.data[0]
      value: 
      objectReference: {fileID: 2100000, guid: 25588e0c5b8c25c41a3fc0213e4ca877, type: 2}
    - target: {fileID: 670383380034292856, guid: 9e6af3a9f93fa9a46ae4632d7a2af9a9, type: 3}
      propertyPath: m_Materials.Array.data[0]
      value: 
      objectReference: {fileID: 2100000, guid: 25588e0c5b8c25c41a3fc0213e4ca877, type: 2}
    - target: {fileID: 1822205220385847161, guid: 9e6af3a9f93fa9a46ae4632d7a2af9a9, type: 3}
      propertyPath: m_RootOrder
      value: 0
      objectReference: {fileID: 0}
    - target: {fileID: 1822205220385847161, guid: 9e6af3a9f93fa9a46ae4632d7a2af9a9, type: 3}
      propertyPath: m_LocalScale.x
      value: 27.266073
      objectReference: {fileID: 0}
    - target: {fileID: 1822205220385847161, guid: 9e6af3a9f93fa9a46ae4632d7a2af9a9, type: 3}
      propertyPath: m_LocalScale.y
      value: 26.750235
      objectReference: {fileID: 0}
    - target: {fileID: 1822205220385847161, guid: 9e6af3a9f93fa9a46ae4632d7a2af9a9, type: 3}
      propertyPath: m_LocalScale.z
      value: 24.933733
      objectReference: {fileID: 0}
    - target: {fileID: 1822205220385847161, guid: 9e6af3a9f93fa9a46ae4632d7a2af9a9, type: 3}
      propertyPath: m_LocalPosition.x
      value: 23.12252
      objectReference: {fileID: 0}
    - target: {fileID: 1822205220385847161, guid: 9e6af3a9f93fa9a46ae4632d7a2af9a9, type: 3}
      propertyPath: m_LocalPosition.y
      value: -4.541481
      objectReference: {fileID: 0}
    - target: {fileID: 1822205220385847161, guid: 9e6af3a9f93fa9a46ae4632d7a2af9a9, type: 3}
      propertyPath: m_LocalPosition.z
      value: 31.003159
      objectReference: {fileID: 0}
    - target: {fileID: 1822205220385847161, guid: 9e6af3a9f93fa9a46ae4632d7a2af9a9, type: 3}
      propertyPath: m_LocalRotation.w
      value: 0.99871796
      objectReference: {fileID: 0}
    - target: {fileID: 1822205220385847161, guid: 9e6af3a9f93fa9a46ae4632d7a2af9a9, type: 3}
      propertyPath: m_LocalRotation.x
      value: -0
      objectReference: {fileID: 0}
    - target: {fileID: 1822205220385847161, guid: 9e6af3a9f93fa9a46ae4632d7a2af9a9, type: 3}
      propertyPath: m_LocalRotation.y
      value: 0.050620485
      objectReference: {fileID: 0}
    - target: {fileID: 1822205220385847161, guid: 9e6af3a9f93fa9a46ae4632d7a2af9a9, type: 3}
      propertyPath: m_LocalRotation.z
      value: -0
      objectReference: {fileID: 0}
    - target: {fileID: 1822205220385847161, guid: 9e6af3a9f93fa9a46ae4632d7a2af9a9, type: 3}
      propertyPath: m_LocalEulerAnglesHint.x
      value: 0
      objectReference: {fileID: 0}
    - target: {fileID: 1822205220385847161, guid: 9e6af3a9f93fa9a46ae4632d7a2af9a9, type: 3}
      propertyPath: m_LocalEulerAnglesHint.y
      value: 5.803
      objectReference: {fileID: 0}
    - target: {fileID: 1822205220385847161, guid: 9e6af3a9f93fa9a46ae4632d7a2af9a9, type: 3}
      propertyPath: m_LocalEulerAnglesHint.z
      value: 0
      objectReference: {fileID: 0}
    - target: {fileID: 1822205220385847162, guid: 9e6af3a9f93fa9a46ae4632d7a2af9a9, type: 3}
      propertyPath: m_Name
      value: Rock Group 3
      objectReference: {fileID: 0}
    - target: {fileID: 7354414479569901862, guid: 9e6af3a9f93fa9a46ae4632d7a2af9a9, type: 3}
      propertyPath: m_Materials.Array.data[0]
      value: 
      objectReference: {fileID: 2100000, guid: 25588e0c5b8c25c41a3fc0213e4ca877, type: 2}
    m_RemovedComponents: []
  m_SourcePrefab: {fileID: 100100000, guid: 9e6af3a9f93fa9a46ae4632d7a2af9a9, type: 3}
--- !u!4 &525779828011791328 stripped
Transform:
  m_CorrespondingSourceObject: {fileID: 1822205220385847161, guid: 9e6af3a9f93fa9a46ae4632d7a2af9a9, type: 3}
  m_PrefabInstance: {fileID: 2162347986804311193}
  m_PrefabAsset: {fileID: 0}
--- !u!1001 &2162347987908949451
PrefabInstance:
  m_ObjectHideFlags: 0
  serializedVersion: 2
  m_Modification:
    m_TransformParent: {fileID: 6208941412458012589}
    m_Modifications:
    - target: {fileID: 22314601748121633, guid: 37527c4cb9b52bd47876ad03db718770, type: 3}
      propertyPath: m_RootOrder
      value: 2
      objectReference: {fileID: 0}
    - target: {fileID: 22314601748121633, guid: 37527c4cb9b52bd47876ad03db718770, type: 3}
      propertyPath: m_LocalScale.x
      value: 19.025599
      objectReference: {fileID: 0}
    - target: {fileID: 22314601748121633, guid: 37527c4cb9b52bd47876ad03db718770, type: 3}
      propertyPath: m_LocalScale.y
      value: 19.0256
      objectReference: {fileID: 0}
    - target: {fileID: 22314601748121633, guid: 37527c4cb9b52bd47876ad03db718770, type: 3}
      propertyPath: m_LocalScale.z
      value: 19.0256
      objectReference: {fileID: 0}
    - target: {fileID: 22314601748121633, guid: 37527c4cb9b52bd47876ad03db718770, type: 3}
      propertyPath: m_LocalPosition.x
      value: 31.87671
      objectReference: {fileID: 0}
    - target: {fileID: 22314601748121633, guid: 37527c4cb9b52bd47876ad03db718770, type: 3}
      propertyPath: m_LocalPosition.y
      value: 31.058525
      objectReference: {fileID: 0}
    - target: {fileID: 22314601748121633, guid: 37527c4cb9b52bd47876ad03db718770, type: 3}
      propertyPath: m_LocalPosition.z
      value: 35.595387
      objectReference: {fileID: 0}
    - target: {fileID: 22314601748121633, guid: 37527c4cb9b52bd47876ad03db718770, type: 3}
      propertyPath: m_LocalRotation.w
      value: -0.7110346
      objectReference: {fileID: 0}
    - target: {fileID: 22314601748121633, guid: 37527c4cb9b52bd47876ad03db718770, type: 3}
      propertyPath: m_LocalRotation.x
      value: 0.14945768
      objectReference: {fileID: 0}
    - target: {fileID: 22314601748121633, guid: 37527c4cb9b52bd47876ad03db718770, type: 3}
      propertyPath: m_LocalRotation.y
      value: -0.6848241
      objectReference: {fileID: 0}
    - target: {fileID: 22314601748121633, guid: 37527c4cb9b52bd47876ad03db718770, type: 3}
      propertyPath: m_LocalRotation.z
      value: -0.05575104
      objectReference: {fileID: 0}
    - target: {fileID: 22314601748121633, guid: 37527c4cb9b52bd47876ad03db718770, type: 3}
      propertyPath: m_LocalEulerAnglesHint.x
      value: -16.792
      objectReference: {fileID: 0}
    - target: {fileID: 22314601748121633, guid: 37527c4cb9b52bd47876ad03db718770, type: 3}
      propertyPath: m_LocalEulerAnglesHint.y
      value: 448.961
      objectReference: {fileID: 0}
    - target: {fileID: 22314601748121633, guid: 37527c4cb9b52bd47876ad03db718770, type: 3}
      propertyPath: m_LocalEulerAnglesHint.z
      value: -7.528
      objectReference: {fileID: 0}
    - target: {fileID: 793926214551081627, guid: 37527c4cb9b52bd47876ad03db718770, type: 3}
      propertyPath: m_Name
      value: Rock 4 (1)
      objectReference: {fileID: 0}
    - target: {fileID: 1154166013166596942, guid: 37527c4cb9b52bd47876ad03db718770, type: 3}
      propertyPath: m_Materials.Array.data[0]
      value: 
      objectReference: {fileID: 2100000, guid: 25588e0c5b8c25c41a3fc0213e4ca877, type: 2}
    m_RemovedComponents: []
  m_SourcePrefab: {fileID: 100100000, guid: 37527c4cb9b52bd47876ad03db718770, type: 3}
--- !u!4 &2183527884396150250 stripped
Transform:
  m_CorrespondingSourceObject: {fileID: 22314601748121633, guid: 37527c4cb9b52bd47876ad03db718770, type: 3}
  m_PrefabInstance: {fileID: 2162347987908949451}
  m_PrefabAsset: {fileID: 0}
--- !u!1001 &2162347988254516247
PrefabInstance:
  m_ObjectHideFlags: 0
  serializedVersion: 2
  m_Modification:
    m_TransformParent: {fileID: 6208941412458012589}
    m_Modifications:
    - target: {fileID: -8679921383154817045, guid: 4fa94019b0d8f9340b43a198c3a74e37, type: 3}
      propertyPath: m_RootOrder
      value: 1
      objectReference: {fileID: 0}
    - target: {fileID: -8679921383154817045, guid: 4fa94019b0d8f9340b43a198c3a74e37, type: 3}
      propertyPath: m_LocalScale.x
      value: 20.1735
      objectReference: {fileID: 0}
    - target: {fileID: -8679921383154817045, guid: 4fa94019b0d8f9340b43a198c3a74e37, type: 3}
      propertyPath: m_LocalScale.y
      value: 20.1735
      objectReference: {fileID: 0}
    - target: {fileID: -8679921383154817045, guid: 4fa94019b0d8f9340b43a198c3a74e37, type: 3}
      propertyPath: m_LocalScale.z
      value: 20.173498
      objectReference: {fileID: 0}
    - target: {fileID: -8679921383154817045, guid: 4fa94019b0d8f9340b43a198c3a74e37, type: 3}
      propertyPath: m_LocalPosition.x
      value: 14.992404
      objectReference: {fileID: 0}
    - target: {fileID: -8679921383154817045, guid: 4fa94019b0d8f9340b43a198c3a74e37, type: 3}
      propertyPath: m_LocalPosition.y
      value: 48.258526
      objectReference: {fileID: 0}
    - target: {fileID: -8679921383154817045, guid: 4fa94019b0d8f9340b43a198c3a74e37, type: 3}
      propertyPath: m_LocalPosition.z
      value: 34.340527
      objectReference: {fileID: 0}
    - target: {fileID: -8679921383154817045, guid: 4fa94019b0d8f9340b43a198c3a74e37, type: 3}
      propertyPath: m_LocalRotation.w
      value: 0.4615801
      objectReference: {fileID: 0}
    - target: {fileID: -8679921383154817045, guid: 4fa94019b0d8f9340b43a198c3a74e37, type: 3}
      propertyPath: m_LocalRotation.x
      value: -0.4615801
      objectReference: {fileID: 0}
    - target: {fileID: -8679921383154817045, guid: 4fa94019b0d8f9340b43a198c3a74e37, type: 3}
      propertyPath: m_LocalRotation.y
      value: -0.5356714
      objectReference: {fileID: 0}
    - target: {fileID: -8679921383154817045, guid: 4fa94019b0d8f9340b43a198c3a74e37, type: 3}
      propertyPath: m_LocalRotation.z
      value: -0.5356714
      objectReference: {fileID: 0}
    - target: {fileID: -8679921383154817045, guid: 4fa94019b0d8f9340b43a198c3a74e37, type: 3}
      propertyPath: m_LocalEulerAnglesHint.x
      value: -90
      objectReference: {fileID: 0}
    - target: {fileID: -8679921383154817045, guid: 4fa94019b0d8f9340b43a198c3a74e37, type: 3}
      propertyPath: m_LocalEulerAnglesHint.y
      value: 0
      objectReference: {fileID: 0}
    - target: {fileID: -8679921383154817045, guid: 4fa94019b0d8f9340b43a198c3a74e37, type: 3}
      propertyPath: m_LocalEulerAnglesHint.z
      value: 621.502
      objectReference: {fileID: 0}
    - target: {fileID: -7511558181221131132, guid: 4fa94019b0d8f9340b43a198c3a74e37, type: 3}
      propertyPath: m_Materials.Array.data[0]
      value: 
      objectReference: {fileID: 2100000, guid: 25588e0c5b8c25c41a3fc0213e4ca877, type: 2}
    - target: {fileID: 919132149155446097, guid: 4fa94019b0d8f9340b43a198c3a74e37, type: 3}
      propertyPath: m_Name
      value: Pierre_04_Low
      objectReference: {fileID: 0}
    m_RemovedComponents: []
  m_SourcePrefab: {fileID: 100100000, guid: 4fa94019b0d8f9340b43a198c3a74e37, type: 3}
--- !u!4 &1839875979654038524 stripped
Transform:
  m_CorrespondingSourceObject: {fileID: -8679921383154817045, guid: 4fa94019b0d8f9340b43a198c3a74e37, type: 3}
  m_PrefabInstance: {fileID: 2162347988254516247}
  m_PrefabAsset: {fileID: 0}
