%YAML 1.1
%TAG !u! tag:unity3d.com,2011:
--- !u!1 &3229824285298714810
GameObject:
  m_ObjectHideFlags: 0
  m_CorrespondingSourceObject: {fileID: 0}
  m_PrefabInstance: {fileID: 0}
  m_PrefabAsset: {fileID: 0}
  serializedVersion: 6
  m_Component:
  - component: {fileID: 3605088800721031163}
  m_Layer: 0
  m_Name: Caisse_Caillou_Schiste
  m_TagString: Untagged
  m_Icon: {fileID: 0}
  m_NavMeshLayer: 0
  m_StaticEditorFlags: 0
  m_IsActive: 1
--- !u!4 &3605088800721031163
Transform:
  m_ObjectHideFlags: 0
  m_CorrespondingSourceObject: {fileID: 0}
  m_PrefabInstance: {fileID: 0}
  m_PrefabAsset: {fileID: 0}
  m_GameObject: {fileID: 3229824285298714810}
  m_LocalRotation: {x: 0, y: 0, z: 0, w: 1}
  m_LocalPosition: {x: 0, y: 0, z: 0}
  m_LocalScale: {x: 1, y: 1, z: 1}
  m_Children:
  - {fileID: 3863236999585674269}
  m_Father: {fileID: 0}
  m_RootOrder: 0
  m_LocalEulerAnglesHint: {x: 0, y: 0, z: 0}
--- !u!1001 &664213796733176784
PrefabInstance:
  m_ObjectHideFlags: 0
  serializedVersion: 2
  m_Modification:
    m_TransformParent: {fileID: 3863236999585674269}
    m_Modifications:
    - target: {fileID: 1921226693740185292, guid: bbdc496f041ae4b4eb06f649b9b6b5bc, type: 3}
      propertyPath: m_Name
      value: Schiste (2)
      objectReference: {fileID: 0}
    - target: {fileID: 4010477823543066688, guid: bbdc496f041ae4b4eb06f649b9b6b5bc, type: 3}
      propertyPath: m_RootOrder
      value: 3
      objectReference: {fileID: 0}
    - target: {fileID: 4010477823543066688, guid: bbdc496f041ae4b4eb06f649b9b6b5bc, type: 3}
      propertyPath: m_LocalScale.x
      value: 0.75562936
      objectReference: {fileID: 0}
    - target: {fileID: 4010477823543066688, guid: bbdc496f041ae4b4eb06f649b9b6b5bc, type: 3}
      propertyPath: m_LocalScale.y
      value: 0.9536042
      objectReference: {fileID: 0}
    - target: {fileID: 4010477823543066688, guid: bbdc496f041ae4b4eb06f649b9b6b5bc, type: 3}
      propertyPath: m_LocalScale.z
      value: 0.53460145
      objectReference: {fileID: 0}
    - target: {fileID: 4010477823543066688, guid: bbdc496f041ae4b4eb06f649b9b6b5bc, type: 3}
      propertyPath: m_LocalPosition.x
      value: 0.487
      objectReference: {fileID: 0}
    - target: {fileID: 4010477823543066688, guid: bbdc496f041ae4b4eb06f649b9b6b5bc, type: 3}
      propertyPath: m_LocalPosition.y
      value: 0.7210002
      objectReference: {fileID: 0}
    - target: {fileID: 4010477823543066688, guid: bbdc496f041ae4b4eb06f649b9b6b5bc, type: 3}
      propertyPath: m_LocalPosition.z
      value: 0.061000824
      objectReference: {fileID: 0}
    - target: {fileID: 4010477823543066688, guid: bbdc496f041ae4b4eb06f649b9b6b5bc, type: 3}
      propertyPath: m_LocalRotation.w
      value: -0.05718416
      objectReference: {fileID: 0}
    - target: {fileID: 4010477823543066688, guid: bbdc496f041ae4b4eb06f649b9b6b5bc, type: 3}
      propertyPath: m_LocalRotation.x
      value: 0.08538746
      objectReference: {fileID: 0}
    - target: {fileID: 4010477823543066688, guid: bbdc496f041ae4b4eb06f649b9b6b5bc, type: 3}
      propertyPath: m_LocalRotation.y
      value: -0.017697295
      objectReference: {fileID: 0}
    - target: {fileID: 4010477823543066688, guid: bbdc496f041ae4b4eb06f649b9b6b5bc, type: 3}
      propertyPath: m_LocalRotation.z
      value: -0.994548
      objectReference: {fileID: 0}
    - target: {fileID: 4010477823543066688, guid: bbdc496f041ae4b4eb06f649b9b6b5bc, type: 3}
      propertyPath: m_LocalEulerAnglesHint.x
      value: -2.577
      objectReference: {fileID: 0}
    - target: {fileID: 4010477823543066688, guid: bbdc496f041ae4b4eb06f649b9b6b5bc, type: 3}
      propertyPath: m_LocalEulerAnglesHint.y
      value: -9.671
      objectReference: {fileID: 0}
    - target: {fileID: 4010477823543066688, guid: bbdc496f041ae4b4eb06f649b9b6b5bc, type: 3}
      propertyPath: m_LocalEulerAnglesHint.z
      value: -186.363
      objectReference: {fileID: 0}
    - target: {fileID: 4903692331627191389, guid: bbdc496f041ae4b4eb06f649b9b6b5bc, type: 3}
      propertyPath: m_IsActive
      value: 0
      objectReference: {fileID: 0}
    m_RemovedComponents: []
  m_SourcePrefab: {fileID: 100100000, guid: bbdc496f041ae4b4eb06f649b9b6b5bc, type: 3}
--- !u!1001 &4586114598739062282
PrefabInstance:
  m_ObjectHideFlags: 0
  serializedVersion: 2
  m_Modification:
    m_TransformParent: {fileID: 3605088800721031163}
    m_Modifications:
    - target: {fileID: 736865724137478679, guid: 08c54af3851744e4e9fe492dfefe5879, type: 3}
      propertyPath: m_RootOrder
      value: 0
      objectReference: {fileID: 0}
    - target: {fileID: 736865724137478679, guid: 08c54af3851744e4e9fe492dfefe5879, type: 3}
      propertyPath: m_LocalPosition.x
      value: 0
      objectReference: {fileID: 0}
    - target: {fileID: 736865724137478679, guid: 08c54af3851744e4e9fe492dfefe5879, type: 3}
      propertyPath: m_LocalPosition.y
      value: 0
      objectReference: {fileID: 0}
    - target: {fileID: 736865724137478679, guid: 08c54af3851744e4e9fe492dfefe5879, type: 3}
      propertyPath: m_LocalPosition.z
      value: 0
      objectReference: {fileID: 0}
    - target: {fileID: 736865724137478679, guid: 08c54af3851744e4e9fe492dfefe5879, type: 3}
      propertyPath: m_LocalRotation.w
      value: 1
      objectReference: {fileID: 0}
    - target: {fileID: 736865724137478679, guid: 08c54af3851744e4e9fe492dfefe5879, type: 3}
      propertyPath: m_LocalRotation.x
      value: 0
      objectReference: {fileID: 0}
    - target: {fileID: 736865724137478679, guid: 08c54af3851744e4e9fe492dfefe5879, type: 3}
      propertyPath: m_LocalRotation.y
      value: 0
      objectReference: {fileID: 0}
    - target: {fileID: 736865724137478679, guid: 08c54af3851744e4e9fe492dfefe5879, type: 3}
      propertyPath: m_LocalRotation.z
      value: 0
      objectReference: {fileID: 0}
    - target: {fileID: 736865724137478679, guid: 08c54af3851744e4e9fe492dfefe5879, type: 3}
      propertyPath: m_LocalEulerAnglesHint.x
      value: 0
      objectReference: {fileID: 0}
    - target: {fileID: 736865724137478679, guid: 08c54af3851744e4e9fe492dfefe5879, type: 3}
      propertyPath: m_LocalEulerAnglesHint.y
      value: 0
      objectReference: {fileID: 0}
    - target: {fileID: 736865724137478679, guid: 08c54af3851744e4e9fe492dfefe5879, type: 3}
      propertyPath: m_LocalEulerAnglesHint.z
      value: 0
      objectReference: {fileID: 0}
    - target: {fileID: 4616754147468852168, guid: 08c54af3851744e4e9fe492dfefe5879, type: 3}
      propertyPath: m_Name
      value: Caisse
      objectReference: {fileID: 0}
    m_RemovedComponents: []
  m_SourcePrefab: {fileID: 100100000, guid: 08c54af3851744e4e9fe492dfefe5879, type: 3}
--- !u!4 &3863236999585674269 stripped
Transform:
  m_CorrespondingSourceObject: {fileID: 736865724137478679, guid: 08c54af3851744e4e9fe492dfefe5879, type: 3}
  m_PrefabInstance: {fileID: 4586114598739062282}
  m_PrefabAsset: {fileID: 0}
--- !u!1001 &4885752793369460429
PrefabInstance:
  m_ObjectHideFlags: 0
  serializedVersion: 2
  m_Modification:
    m_TransformParent: {fileID: 3863236999585674269}
    m_Modifications:
    - target: {fileID: 1921226693740185292, guid: bbdc496f041ae4b4eb06f649b9b6b5bc, type: 3}
      propertyPath: m_Name
      value: Schiste
      objectReference: {fileID: 0}
    - target: {fileID: 4010477823543066688, guid: bbdc496f041ae4b4eb06f649b9b6b5bc, type: 3}
      propertyPath: m_RootOrder
      value: 1
      objectReference: {fileID: 0}
    - target: {fileID: 4010477823543066688, guid: bbdc496f041ae4b4eb06f649b9b6b5bc, type: 3}
      propertyPath: m_LocalScale.x
      value: 0.75562936
      objectReference: {fileID: 0}
    - target: {fileID: 4010477823543066688, guid: bbdc496f041ae4b4eb06f649b9b6b5bc, type: 3}
      propertyPath: m_LocalScale.y
      value: 0.7556294
      objectReference: {fileID: 0}
    - target: {fileID: 4010477823543066688, guid: bbdc496f041ae4b4eb06f649b9b6b5bc, type: 3}
      propertyPath: m_LocalScale.z
      value: 0.75562936
      objectReference: {fileID: 0}
    - target: {fileID: 4010477823543066688, guid: bbdc496f041ae4b4eb06f649b9b6b5bc, type: 3}
      propertyPath: m_LocalPosition.x
      value: 0.28087044
      objectReference: {fileID: 0}
    - target: {fileID: 4010477823543066688, guid: bbdc496f041ae4b4eb06f649b9b6b5bc, type: 3}
      propertyPath: m_LocalPosition.y
      value: 0.42653513
      objectReference: {fileID: 0}
    - target: {fileID: 4010477823543066688, guid: bbdc496f041ae4b4eb06f649b9b6b5bc, type: 3}
      propertyPath: m_LocalPosition.z
      value: -0.46577263
      objectReference: {fileID: 0}
    - target: {fileID: 4010477823543066688, guid: bbdc496f041ae4b4eb06f649b9b6b5bc, type: 3}
      propertyPath: m_LocalRotation.w
      value: 0.99052054
      objectReference: {fileID: 0}
    - target: {fileID: 4010477823543066688, guid: bbdc496f041ae4b4eb06f649b9b6b5bc, type: 3}
      propertyPath: m_LocalRotation.x
      value: -0.04538955
      objectReference: {fileID: 0}
    - target: {fileID: 4010477823543066688, guid: bbdc496f041ae4b4eb06f649b9b6b5bc, type: 3}
      propertyPath: m_LocalRotation.y
      value: 0.12951338
      objectReference: {fileID: 0}
    - target: {fileID: 4010477823543066688, guid: bbdc496f041ae4b4eb06f649b9b6b5bc, type: 3}
      propertyPath: m_LocalRotation.z
      value: 0.005934815
      objectReference: {fileID: 0}
    - target: {fileID: 4010477823543066688, guid: bbdc496f041ae4b4eb06f649b9b6b5bc, type: 3}
      propertyPath: m_LocalEulerAnglesHint.x
      value: -5.247
      objectReference: {fileID: 0}
    - target: {fileID: 4010477823543066688, guid: bbdc496f041ae4b4eb06f649b9b6b5bc, type: 3}
      propertyPath: m_LocalEulerAnglesHint.y
      value: 14.899
      objectReference: {fileID: 0}
    - target: {fileID: 4010477823543066688, guid: bbdc496f041ae4b4eb06f649b9b6b5bc, type: 3}
      propertyPath: m_LocalEulerAnglesHint.z
      value: 0
      objectReference: {fileID: 0}
    - target: {fileID: 4903692331627191389, guid: bbdc496f041ae4b4eb06f649b9b6b5bc, type: 3}
      propertyPath: m_IsActive
      value: 0
      objectReference: {fileID: 0}
    m_RemovedComponents: []
  m_SourcePrefab: {fileID: 100100000, guid: bbdc496f041ae4b4eb06f649b9b6b5bc, type: 3}
--- !u!1001 &4896308350724849945
PrefabInstance:
  m_ObjectHideFlags: 0
  serializedVersion: 2
  m_Modification:
    m_TransformParent: {fileID: 3863236999585674269}
    m_Modifications:
    - target: {fileID: 1921226693740185292, guid: bbdc496f041ae4b4eb06f649b9b6b5bc, type: 3}
      propertyPath: m_Name
      value: Schiste (3)
      objectReference: {fileID: 0}
    - target: {fileID: 4010477823543066688, guid: bbdc496f041ae4b4eb06f649b9b6b5bc, type: 3}
      propertyPath: m_RootOrder
      value: 4
      objectReference: {fileID: 0}
    - target: {fileID: 4010477823543066688, guid: bbdc496f041ae4b4eb06f649b9b6b5bc, type: 3}
      propertyPath: m_LocalScale.x
      value: 0.36263734
      objectReference: {fileID: 0}
    - target: {fileID: 4010477823543066688, guid: bbdc496f041ae4b4eb06f649b9b6b5bc, type: 3}
      propertyPath: m_LocalScale.y
      value: 0.47755018
      objectReference: {fileID: 0}
    - target: {fileID: 4010477823543066688, guid: bbdc496f041ae4b4eb06f649b9b6b5bc, type: 3}
      propertyPath: m_LocalScale.z
      value: 0.2777623
      objectReference: {fileID: 0}
    - target: {fileID: 4010477823543066688, guid: bbdc496f041ae4b4eb06f649b9b6b5bc, type: 3}
      propertyPath: m_LocalPosition.x
      value: -0.0940001
      objectReference: {fileID: 0}
    - target: {fileID: 4010477823543066688, guid: bbdc496f041ae4b4eb06f649b9b6b5bc, type: 3}
      propertyPath: m_LocalPosition.y
      value: 0.38500023
      objectReference: {fileID: 0}
    - target: {fileID: 4010477823543066688, guid: bbdc496f041ae4b4eb06f649b9b6b5bc, type: 3}
      propertyPath: m_LocalPosition.z
      value: 0.4790001
      objectReference: {fileID: 0}
    - target: {fileID: 4010477823543066688, guid: bbdc496f041ae4b4eb06f649b9b6b5bc, type: 3}
      propertyPath: m_LocalRotation.w
      value: 0.052818514
      objectReference: {fileID: 0}
    - target: {fileID: 4010477823543066688, guid: bbdc496f041ae4b4eb06f649b9b6b5bc, type: 3}
      propertyPath: m_LocalRotation.x
      value: -0.8244098
      objectReference: {fileID: 0}
    - target: {fileID: 4010477823543066688, guid: bbdc496f041ae4b4eb06f649b9b6b5bc, type: 3}
      propertyPath: m_LocalRotation.y
      value: -0.018643053
      objectReference: {fileID: 0}
    - target: {fileID: 4010477823543066688, guid: bbdc496f041ae4b4eb06f649b9b6b5bc, type: 3}
      propertyPath: m_LocalRotation.z
      value: 0.5632151
      objectReference: {fileID: 0}
    - target: {fileID: 4010477823543066688, guid: bbdc496f041ae4b4eb06f649b9b6b5bc, type: 3}
      propertyPath: m_LocalEulerAnglesHint.x
      value: -176.211
      objectReference: {fileID: 0}
    - target: {fileID: 4010477823543066688, guid: bbdc496f041ae4b4eb06f649b9b6b5bc, type: 3}
      propertyPath: m_LocalEulerAnglesHint.y
      value: 68.851
      objectReference: {fileID: 0}
    - target: {fileID: 4010477823543066688, guid: bbdc496f041ae4b4eb06f649b9b6b5bc, type: 3}
      propertyPath: m_LocalEulerAnglesHint.z
      value: -5.1889954
      objectReference: {fileID: 0}
    - target: {fileID: 4903692331627191389, guid: bbdc496f041ae4b4eb06f649b9b6b5bc, type: 3}
      propertyPath: m_IsActive
      value: 0
      objectReference: {fileID: 0}
    m_RemovedComponents: []
  m_SourcePrefab: {fileID: 100100000, guid: bbdc496f041ae4b4eb06f649b9b6b5bc, type: 3}
--- !u!1001 &5113085300101778858
PrefabInstance:
  m_ObjectHideFlags: 0
  serializedVersion: 2
  m_Modification:
    m_TransformParent: {fileID: 3863236999585674269}
    m_Modifications:
    - target: {fileID: 1921226693740185292, guid: bbdc496f041ae4b4eb06f649b9b6b5bc, type: 3}
      propertyPath: m_Name
      value: Schiste (7)
      objectReference: {fileID: 0}
    - target: {fileID: 4010477823543066688, guid: bbdc496f041ae4b4eb06f649b9b6b5bc, type: 3}
      propertyPath: m_RootOrder
      value: 9
      objectReference: {fileID: 0}
    - target: {fileID: 4010477823543066688, guid: bbdc496f041ae4b4eb06f649b9b6b5bc, type: 3}
      propertyPath: m_LocalScale.x
      value: 0.47679466
      objectReference: {fileID: 0}
    - target: {fileID: 4010477823543066688, guid: bbdc496f041ae4b4eb06f649b9b6b5bc, type: 3}
      propertyPath: m_LocalScale.y
      value: 0.43772608
      objectReference: {fileID: 0}
    - target: {fileID: 4010477823543066688, guid: bbdc496f041ae4b4eb06f649b9b6b5bc, type: 3}
      propertyPath: m_LocalScale.z
      value: 0.34852257
      objectReference: {fileID: 0}
    - target: {fileID: 4010477823543066688, guid: bbdc496f041ae4b4eb06f649b9b6b5bc, type: 3}
      propertyPath: m_LocalPosition.x
      value: -0.1270001
      objectReference: {fileID: 0}
    - target: {fileID: 4010477823543066688, guid: bbdc496f041ae4b4eb06f649b9b6b5bc, type: 3}
      propertyPath: m_LocalPosition.y
      value: 0.5
      objectReference: {fileID: 0}
    - target: {fileID: 4010477823543066688, guid: bbdc496f041ae4b4eb06f649b9b6b5bc, type: 3}
      propertyPath: m_LocalPosition.z
      value: -0.11400032
      objectReference: {fileID: 0}
    - target: {fileID: 4010477823543066688, guid: bbdc496f041ae4b4eb06f649b9b6b5bc, type: 3}
      propertyPath: m_LocalRotation.w
      value: -0.95465404
      objectReference: {fileID: 0}
    - target: {fileID: 4010477823543066688, guid: bbdc496f041ae4b4eb06f649b9b6b5bc, type: 3}
      propertyPath: m_LocalRotation.x
      value: 0.17892034
      objectReference: {fileID: 0}
    - target: {fileID: 4010477823543066688, guid: bbdc496f041ae4b4eb06f649b9b6b5bc, type: 3}
      propertyPath: m_LocalRotation.y
      value: -0.18099853
      objectReference: {fileID: 0}
    - target: {fileID: 4010477823543066688, guid: bbdc496f041ae4b4eb06f649b9b6b5bc, type: 3}
      propertyPath: m_LocalRotation.z
      value: -0.15447597
      objectReference: {fileID: 0}
    - target: {fileID: 4010477823543066688, guid: bbdc496f041ae4b4eb06f649b9b6b5bc, type: 3}
      propertyPath: m_LocalEulerAnglesHint.x
      value: -23.424
      objectReference: {fileID: 0}
    - target: {fileID: 4010477823543066688, guid: bbdc496f041ae4b4eb06f649b9b6b5bc, type: 3}
      propertyPath: m_LocalEulerAnglesHint.y
      value: 378.444
      objectReference: {fileID: 0}
    - target: {fileID: 4010477823543066688, guid: bbdc496f041ae4b4eb06f649b9b6b5bc, type: 3}
      propertyPath: m_LocalEulerAnglesHint.z
      value: 14.528
      objectReference: {fileID: 0}
    - target: {fileID: 4903692331627191389, guid: bbdc496f041ae4b4eb06f649b9b6b5bc, type: 3}
      propertyPath: m_IsActive
      value: 0
      objectReference: {fileID: 0}
    m_RemovedComponents: []
  m_SourcePrefab: {fileID: 100100000, guid: bbdc496f041ae4b4eb06f649b9b6b5bc, type: 3}
--- !u!1001 &6719412871251766636
PrefabInstance:
  m_ObjectHideFlags: 0
  serializedVersion: 2
  m_Modification:
    m_TransformParent: {fileID: 3863236999585674269}
    m_Modifications:
    - target: {fileID: 1921226693740185292, guid: bbdc496f041ae4b4eb06f649b9b6b5bc, type: 3}
      propertyPath: m_Name
      value: Schiste (6)
      objectReference: {fileID: 0}
    - target: {fileID: 4010477823543066688, guid: bbdc496f041ae4b4eb06f649b9b6b5bc, type: 3}
      propertyPath: m_RootOrder
      value: 8
      objectReference: {fileID: 0}
    - target: {fileID: 4010477823543066688, guid: bbdc496f041ae4b4eb06f649b9b6b5bc, type: 3}
      propertyPath: m_LocalScale.x
      value: 0.25579566
      objectReference: {fileID: 0}
    - target: {fileID: 4010477823543066688, guid: bbdc496f041ae4b4eb06f649b9b6b5bc, type: 3}
      propertyPath: m_LocalScale.y
      value: 0.7373401
      objectReference: {fileID: 0}
    - target: {fileID: 4010477823543066688, guid: bbdc496f041ae4b4eb06f649b9b6b5bc, type: 3}
      propertyPath: m_LocalScale.z
      value: 0.36336225
      objectReference: {fileID: 0}
    - target: {fileID: 4010477823543066688, guid: bbdc496f041ae4b4eb06f649b9b6b5bc, type: 3}
      propertyPath: m_LocalPosition.x
      value: 0.07047725
      objectReference: {fileID: 0}
    - target: {fileID: 4010477823543066688, guid: bbdc496f041ae4b4eb06f649b9b6b5bc, type: 3}
      propertyPath: m_LocalPosition.y
      value: 0.579546
      objectReference: {fileID: 0}
    - target: {fileID: 4010477823543066688, guid: bbdc496f041ae4b4eb06f649b9b6b5bc, type: 3}
      propertyPath: m_LocalPosition.z
      value: 0.07547951
      objectReference: {fileID: 0}
    - target: {fileID: 4010477823543066688, guid: bbdc496f041ae4b4eb06f649b9b6b5bc, type: 3}
      propertyPath: m_LocalRotation.w
      value: 0.027947487
      objectReference: {fileID: 0}
    - target: {fileID: 4010477823543066688, guid: bbdc496f041ae4b4eb06f649b9b6b5bc, type: 3}
      propertyPath: m_LocalRotation.x
      value: -0.96096057
      objectReference: {fileID: 0}
    - target: {fileID: 4010477823543066688, guid: bbdc496f041ae4b4eb06f649b9b6b5bc, type: 3}
      propertyPath: m_LocalRotation.y
      value: 0.03702658
      objectReference: {fileID: 0}
    - target: {fileID: 4010477823543066688, guid: bbdc496f041ae4b4eb06f649b9b6b5bc, type: 3}
      propertyPath: m_LocalRotation.z
      value: -0.27276894
      objectReference: {fileID: 0}
    - target: {fileID: 4010477823543066688, guid: bbdc496f041ae4b4eb06f649b9b6b5bc, type: 3}
      propertyPath: m_LocalEulerAnglesHint.x
      value: -1.921
      objectReference: {fileID: 0}
    - target: {fileID: 4010477823543066688, guid: bbdc496f041ae4b4eb06f649b9b6b5bc, type: 3}
      propertyPath: m_LocalEulerAnglesHint.y
      value: 148.224
      objectReference: {fileID: 0}
    - target: {fileID: 4010477823543066688, guid: bbdc496f041ae4b4eb06f649b9b6b5bc, type: 3}
      propertyPath: m_LocalEulerAnglesHint.z
      value: -175.04
      objectReference: {fileID: 0}
    - target: {fileID: 4903692331627191389, guid: bbdc496f041ae4b4eb06f649b9b6b5bc, type: 3}
      propertyPath: m_IsActive
      value: 0
      objectReference: {fileID: 0}
    m_RemovedComponents: []
  m_SourcePrefab: {fileID: 100100000, guid: bbdc496f041ae4b4eb06f649b9b6b5bc, type: 3}
--- !u!1001 &7008119967883162050
PrefabInstance:
  m_ObjectHideFlags: 0
  serializedVersion: 2
  m_Modification:
    m_TransformParent: {fileID: 3863236999585674269}
    m_Modifications:
    - target: {fileID: 1921226693740185292, guid: bbdc496f041ae4b4eb06f649b9b6b5bc, type: 3}
      propertyPath: m_Name
      value: Schiste (5)
      objectReference: {fileID: 0}
    - target: {fileID: 4010477823543066688, guid: bbdc496f041ae4b4eb06f649b9b6b5bc, type: 3}
      propertyPath: m_RootOrder
      value: 6
      objectReference: {fileID: 0}
    - target: {fileID: 4010477823543066688, guid: bbdc496f041ae4b4eb06f649b9b6b5bc, type: 3}
      propertyPath: m_LocalScale.x
      value: 0.4767946
      objectReference: {fileID: 0}
    - target: {fileID: 4010477823543066688, guid: bbdc496f041ae4b4eb06f649b9b6b5bc, type: 3}
      propertyPath: m_LocalScale.y
      value: 0.43772608
      objectReference: {fileID: 0}
    - target: {fileID: 4010477823543066688, guid: bbdc496f041ae4b4eb06f649b9b6b5bc, type: 3}
      propertyPath: m_LocalScale.z
      value: 0.34852257
      objectReference: {fileID: 0}
    - target: {fileID: 4010477823543066688, guid: bbdc496f041ae4b4eb06f649b9b6b5bc, type: 3}
      propertyPath: m_LocalPosition.x
      value: -0.11800003
      objectReference: {fileID: 0}
    - target: {fileID: 4010477823543066688, guid: bbdc496f041ae4b4eb06f649b9b6b5bc, type: 3}
      propertyPath: m_LocalPosition.y
      value: 0.38399982
      objectReference: {fileID: 0}
    - target: {fileID: 4010477823543066688, guid: bbdc496f041ae4b4eb06f649b9b6b5bc, type: 3}
      propertyPath: m_LocalPosition.z
      value: -0.4279995
      objectReference: {fileID: 0}
    - target: {fileID: 4010477823543066688, guid: bbdc496f041ae4b4eb06f649b9b6b5bc, type: 3}
      propertyPath: m_LocalRotation.w
      value: 0.1764699
      objectReference: {fileID: 0}
    - target: {fileID: 4010477823543066688, guid: bbdc496f041ae4b4eb06f649b9b6b5bc, type: 3}
      propertyPath: m_LocalRotation.x
      value: 0.6952341
      objectReference: {fileID: 0}
    - target: {fileID: 4010477823543066688, guid: bbdc496f041ae4b4eb06f649b9b6b5bc, type: 3}
      propertyPath: m_LocalRotation.y
      value: 0.2814575
      objectReference: {fileID: 0}
    - target: {fileID: 4010477823543066688, guid: bbdc496f041ae4b4eb06f649b9b6b5bc, type: 3}
      propertyPath: m_LocalRotation.z
      value: 0.63740855
      objectReference: {fileID: 0}
    - target: {fileID: 4010477823543066688, guid: bbdc496f041ae4b4eb06f649b9b6b5bc, type: 3}
      propertyPath: m_LocalEulerAnglesHint.x
      value: -6.513
      objectReference: {fileID: 0}
    - target: {fileID: 4010477823543066688, guid: bbdc496f041ae4b4eb06f649b9b6b5bc, type: 3}
      propertyPath: m_LocalEulerAnglesHint.y
      value: 97.236
      objectReference: {fileID: 0}
    - target: {fileID: 4010477823543066688, guid: bbdc496f041ae4b4eb06f649b9b6b5bc, type: 3}
      propertyPath: m_LocalEulerAnglesHint.z
      value: 141.66
      objectReference: {fileID: 0}
    - target: {fileID: 4903692331627191389, guid: bbdc496f041ae4b4eb06f649b9b6b5bc, type: 3}
      propertyPath: m_IsActive
      value: 0
      objectReference: {fileID: 0}
    m_RemovedComponents: []
  m_SourcePrefab: {fileID: 100100000, guid: bbdc496f041ae4b4eb06f649b9b6b5bc, type: 3}
--- !u!1001 &7020663053627097048
PrefabInstance:
  m_ObjectHideFlags: 0
  serializedVersion: 2
  m_Modification:
    m_TransformParent: {fileID: 3863236999585674269}
    m_Modifications:
    - target: {fileID: 1921226693740185292, guid: bbdc496f041ae4b4eb06f649b9b6b5bc, type: 3}
      propertyPath: m_Name
      value: Schiste (1)
      objectReference: {fileID: 0}
    - target: {fileID: 4010477823543066688, guid: bbdc496f041ae4b4eb06f649b9b6b5bc, type: 3}
      propertyPath: m_RootOrder
      value: 2
      objectReference: {fileID: 0}
    - target: {fileID: 4010477823543066688, guid: bbdc496f041ae4b4eb06f649b9b6b5bc, type: 3}
      propertyPath: m_LocalScale.x
      value: 0.75562936
      objectReference: {fileID: 0}
    - target: {fileID: 4010477823543066688, guid: bbdc496f041ae4b4eb06f649b9b6b5bc, type: 3}
      propertyPath: m_LocalScale.y
      value: 0.7556295
      objectReference: {fileID: 0}
    - target: {fileID: 4010477823543066688, guid: bbdc496f041ae4b4eb06f649b9b6b5bc, type: 3}
      propertyPath: m_LocalScale.z
      value: 0.75562936
      objectReference: {fileID: 0}
    - target: {fileID: 4010477823543066688, guid: bbdc496f041ae4b4eb06f649b9b6b5bc, type: 3}
      propertyPath: m_LocalPosition.x
      value: 0.2909999
      objectReference: {fileID: 0}
    - target: {fileID: 4010477823543066688, guid: bbdc496f041ae4b4eb06f649b9b6b5bc, type: 3}
      propertyPath: m_LocalPosition.y
      value: 0.41900015
      objectReference: {fileID: 0}
    - target: {fileID: 4010477823543066688, guid: bbdc496f041ae4b4eb06f649b9b6b5bc, type: 3}
      propertyPath: m_LocalPosition.z
      value: 0.4510002
      objectReference: {fileID: 0}
    - target: {fileID: 4010477823543066688, guid: bbdc496f041ae4b4eb06f649b9b6b5bc, type: 3}
      propertyPath: m_LocalRotation.w
      value: 0.99176663
      objectReference: {fileID: 0}
    - target: {fileID: 4010477823543066688, guid: bbdc496f041ae4b4eb06f649b9b6b5bc, type: 3}
      propertyPath: m_LocalRotation.x
      value: 0.072230555
      objectReference: {fileID: 0}
    - target: {fileID: 4010477823543066688, guid: bbdc496f041ae4b4eb06f649b9b6b5bc, type: 3}
      propertyPath: m_LocalRotation.y
      value: -0.10546465
      objectReference: {fileID: 0}
    - target: {fileID: 4010477823543066688, guid: bbdc496f041ae4b4eb06f649b9b6b5bc, type: 3}
      propertyPath: m_LocalRotation.z
      value: 0.0076810126
      objectReference: {fileID: 0}
    - target: {fileID: 4010477823543066688, guid: bbdc496f041ae4b4eb06f649b9b6b5bc, type: 3}
      propertyPath: m_LocalEulerAnglesHint.x
      value: 8.331
      objectReference: {fileID: 0}
    - target: {fileID: 4010477823543066688, guid: bbdc496f041ae4b4eb06f649b9b6b5bc, type: 3}
      propertyPath: m_LocalEulerAnglesHint.y
      value: -12.14
      objectReference: {fileID: 0}
    - target: {fileID: 4010477823543066688, guid: bbdc496f041ae4b4eb06f649b9b6b5bc, type: 3}
      propertyPath: m_LocalEulerAnglesHint.z
      value: 0
      objectReference: {fileID: 0}
    - target: {fileID: 4903692331627191389, guid: bbdc496f041ae4b4eb06f649b9b6b5bc, type: 3}
      propertyPath: m_IsActive
      value: 0
      objectReference: {fileID: 0}
    m_RemovedComponents: []
  m_SourcePrefab: {fileID: 100100000, guid: bbdc496f041ae4b4eb06f649b9b6b5bc, type: 3}
--- !u!1001 &7218233540295293239
PrefabInstance:
  m_ObjectHideFlags: 0
  serializedVersion: 2
  m_Modification:
    m_TransformParent: {fileID: 3863236999585674269}
    m_Modifications:
    - target: {fileID: 1921226693740185292, guid: bbdc496f041ae4b4eb06f649b9b6b5bc, type: 3}
      propertyPath: m_Name
      value: Schiste (4)
      objectReference: {fileID: 0}
    - target: {fileID: 4010477823543066688, guid: bbdc496f041ae4b4eb06f649b9b6b5bc, type: 3}
      propertyPath: m_RootOrder
      value: 5
      objectReference: {fileID: 0}
    - target: {fileID: 4010477823543066688, guid: bbdc496f041ae4b4eb06f649b9b6b5bc, type: 3}
      propertyPath: m_LocalScale.x
      value: 0.36263728
      objectReference: {fileID: 0}
    - target: {fileID: 4010477823543066688, guid: bbdc496f041ae4b4eb06f649b9b6b5bc, type: 3}
      propertyPath: m_LocalScale.y
      value: 0.4775502
      objectReference: {fileID: 0}
    - target: {fileID: 4010477823543066688, guid: bbdc496f041ae4b4eb06f649b9b6b5bc, type: 3}
      propertyPath: m_LocalScale.z
      value: 0.2777623
      objectReference: {fileID: 0}
    - target: {fileID: 4010477823543066688, guid: bbdc496f041ae4b4eb06f649b9b6b5bc, type: 3}
      propertyPath: m_LocalPosition.x
      value: -0.194
      objectReference: {fileID: 0}
    - target: {fileID: 4010477823543066688, guid: bbdc496f041ae4b4eb06f649b9b6b5bc, type: 3}
      propertyPath: m_LocalPosition.y
      value: 0.3249998
      objectReference: {fileID: 0}
    - target: {fileID: 4010477823543066688, guid: bbdc496f041ae4b4eb06f649b9b6b5bc, type: 3}
      propertyPath: m_LocalPosition.z
      value: 0.29400063
      objectReference: {fileID: 0}
    - target: {fileID: 4010477823543066688, guid: bbdc496f041ae4b4eb06f649b9b6b5bc, type: 3}
      propertyPath: m_LocalRotation.w
      value: -0.11886837
      objectReference: {fileID: 0}
    - target: {fileID: 4010477823543066688, guid: bbdc496f041ae4b4eb06f649b9b6b5bc, type: 3}
      propertyPath: m_LocalRotation.x
      value: -0.56414807
      objectReference: {fileID: 0}
    - target: {fileID: 4010477823543066688, guid: bbdc496f041ae4b4eb06f649b9b6b5bc, type: 3}
      propertyPath: m_LocalRotation.y
      value: -0.041684937
      objectReference: {fileID: 0}
    - target: {fileID: 4010477823543066688, guid: bbdc496f041ae4b4eb06f649b9b6b5bc, type: 3}
      propertyPath: m_LocalRotation.z
      value: -0.8160084
      objectReference: {fileID: 0}
    - target: {fileID: 4010477823543066688, guid: bbdc496f041ae4b4eb06f649b9b6b5bc, type: 3}
      propertyPath: m_LocalEulerAnglesHint.x
      value: -183.789
      objectReference: {fileID: 0}
    - target: {fileID: 4010477823543066688, guid: bbdc496f041ae4b4eb06f649b9b6b5bc, type: 3}
      propertyPath: m_LocalEulerAnglesHint.y
      value: -111.149
      objectReference: {fileID: 0}
    - target: {fileID: 4010477823543066688, guid: bbdc496f041ae4b4eb06f649b9b6b5bc, type: 3}
      propertyPath: m_LocalEulerAnglesHint.z
      value: -13.977997
      objectReference: {fileID: 0}
    - target: {fileID: 4903692331627191389, guid: bbdc496f041ae4b4eb06f649b9b6b5bc, type: 3}
      propertyPath: m_IsActive
      value: 0
      objectReference: {fileID: 0}
    m_RemovedComponents: []
  m_SourcePrefab: {fileID: 100100000, guid: bbdc496f041ae4b4eb06f649b9b6b5bc, type: 3}
--- !u!1001 &7664229833291979216
PrefabInstance:
  m_ObjectHideFlags: 0
  serializedVersion: 2
  m_Modification:
    m_TransformParent: {fileID: 3863236999585674269}
    m_Modifications:
    - target: {fileID: 1595692797506610060, guid: d22a65b5964137e4281d0214fb7dfbb1, type: 3}
      propertyPath: m_IsActive
      value: 0
      objectReference: {fileID: 0}
    - target: {fileID: 4531165961836567799, guid: d22a65b5964137e4281d0214fb7dfbb1, type: 3}
      propertyPath: m_RootOrder
      value: 7
      objectReference: {fileID: 0}
    - target: {fileID: 4531165961836567799, guid: d22a65b5964137e4281d0214fb7dfbb1, type: 3}
      propertyPath: m_LocalScale.x
      value: 0.54605037
      objectReference: {fileID: 0}
    - target: {fileID: 4531165961836567799, guid: d22a65b5964137e4281d0214fb7dfbb1, type: 3}
      propertyPath: m_LocalScale.y
      value: 0.67188
      objectReference: {fileID: 0}
    - target: {fileID: 4531165961836567799, guid: d22a65b5964137e4281d0214fb7dfbb1, type: 3}
      propertyPath: m_LocalScale.z
      value: 0.67188
      objectReference: {fileID: 0}
    - target: {fileID: 4531165961836567799, guid: d22a65b5964137e4281d0214fb7dfbb1, type: 3}
      propertyPath: m_LocalPosition.x
      value: 0.3699999
      objectReference: {fileID: 0}
    - target: {fileID: 4531165961836567799, guid: d22a65b5964137e4281d0214fb7dfbb1, type: 3}
      propertyPath: m_LocalPosition.y
      value: 0.559
      objectReference: {fileID: 0}
    - target: {fileID: 4531165961836567799, guid: d22a65b5964137e4281d0214fb7dfbb1, type: 3}
      propertyPath: m_LocalPosition.z
      value: -0.28499985
      objectReference: {fileID: 0}
    - target: {fileID: 4531165961836567799, guid: d22a65b5964137e4281d0214fb7dfbb1, type: 3}
      propertyPath: m_LocalRotation.w
      value: 0.69425446
      objectReference: {fileID: 0}
    - target: {fileID: 4531165961836567799, guid: d22a65b5964137e4281d0214fb7dfbb1, type: 3}
      propertyPath: m_LocalRotation.x
      value: -0.09307028
      objectReference: {fileID: 0}
    - target: {fileID: 4531165961836567799, guid: d22a65b5964137e4281d0214fb7dfbb1, type: 3}
      propertyPath: m_LocalRotation.y
      value: -0.7078246
      objectReference: {fileID: 0}
    - target: {fileID: 4531165961836567799, guid: d22a65b5964137e4281d0214fb7dfbb1, type: 3}
      propertyPath: m_LocalRotation.z
      value: 0.091285944
      objectReference: {fileID: 0}
    - target: {fileID: 4531165961836567799, guid: d22a65b5964137e4281d0214fb7dfbb1, type: 3}
      propertyPath: m_LocalEulerAnglesHint.x
      value: 0
      objectReference: {fileID: 0}
    - target: {fileID: 4531165961836567799, guid: d22a65b5964137e4281d0214fb7dfbb1, type: 3}
      propertyPath: m_LocalEulerAnglesHint.y
      value: -91.109
      objectReference: {fileID: 0}
    - target: {fileID: 4531165961836567799, guid: d22a65b5964137e4281d0214fb7dfbb1, type: 3}
      propertyPath: m_LocalEulerAnglesHint.z
      value: 14.981
      objectReference: {fileID: 0}
    - target: {fileID: 7455587221105988468, guid: d22a65b5964137e4281d0214fb7dfbb1, type: 3}
      propertyPath: m_Name
      value: Ardoise
      objectReference: {fileID: 0}
    m_RemovedComponents: []
  m_SourcePrefab: {fileID: 100100000, guid: d22a65b5964137e4281d0214fb7dfbb1, type: 3}
