%YAML 1.1
%TAG !u! tag:unity3d.com,2011:
--- !u!1 &3229824285298714810
GameObject:
  m_ObjectHideFlags: 0
  m_CorrespondingSourceObject: {fileID: 0}
  m_PrefabInstance: {fileID: 0}
  m_PrefabAsset: {fileID: 0}
  serializedVersion: 6
  m_Component:
  - component: {fileID: 3605088800721031163}
  m_Layer: 0
  m_Name: Caisse_Caillou
  m_TagString: Untagged
  m_Icon: {fileID: 0}
  m_NavMeshLayer: 0
  m_StaticEditorFlags: 0
  m_IsActive: 1
--- !u!4 &3605088800721031163
Transform:
  m_ObjectHideFlags: 0
  m_CorrespondingSourceObject: {fileID: 0}
  m_PrefabInstance: {fileID: 0}
  m_PrefabAsset: {fileID: 0}
  m_GameObject: {fileID: 3229824285298714810}
  m_LocalRotation: {x: 0, y: 0, z: 0, w: 1}
  m_LocalPosition: {x: 0, y: 0, z: 0}
  m_LocalScale: {x: 1, y: 1, z: 1}
  m_Children:
  - {fileID: 3863236999585674269}
  m_Father: {fileID: 0}
  m_RootOrder: 0
  m_LocalEulerAnglesHint: {x: 0, y: 0, z: 0}
--- !u!1001 &679435353429352231
PrefabInstance:
  m_ObjectHideFlags: 0
  serializedVersion: 2
  m_Modification:
    m_TransformParent: {fileID: 3863236999585674269}
    m_Modifications:
    - target: {fileID: 1595692797506610060, guid: d22a65b5964137e4281d0214fb7dfbb1, type: 3}
      propertyPath: m_IsActive
      value: 0
      objectReference: {fileID: 0}
    - target: {fileID: 4531165961836567799, guid: d22a65b5964137e4281d0214fb7dfbb1, type: 3}
      propertyPath: m_RootOrder
      value: 1
      objectReference: {fileID: 0}
    - target: {fileID: 4531165961836567799, guid: d22a65b5964137e4281d0214fb7dfbb1, type: 3}
      propertyPath: m_LocalScale.y
      value: 0.5272
      objectReference: {fileID: 0}
    - target: {fileID: 4531165961836567799, guid: d22a65b5964137e4281d0214fb7dfbb1, type: 3}
      propertyPath: m_LocalPosition.x
      value: 0.119622424
      objectReference: {fileID: 0}
    - target: {fileID: 4531165961836567799, guid: d22a65b5964137e4281d0214fb7dfbb1, type: 3}
      propertyPath: m_LocalPosition.y
      value: 0.60799974
      objectReference: {fileID: 0}
    - target: {fileID: 4531165961836567799, guid: d22a65b5964137e4281d0214fb7dfbb1, type: 3}
      propertyPath: m_LocalPosition.z
      value: 0.38999903
      objectReference: {fileID: 0}
    - target: {fileID: 4531165961836567799, guid: d22a65b5964137e4281d0214fb7dfbb1, type: 3}
      propertyPath: m_LocalRotation.w
      value: 0.69058746
      objectReference: {fileID: 0}
    - target: {fileID: 4531165961836567799, guid: d22a65b5964137e4281d0214fb7dfbb1, type: 3}
      propertyPath: m_LocalRotation.x
      value: -0
      objectReference: {fileID: 0}
    - target: {fileID: 4531165961836567799, guid: d22a65b5964137e4281d0214fb7dfbb1, type: 3}
      propertyPath: m_LocalRotation.y
      value: -0.72324896
      objectReference: {fileID: 0}
    - target: {fileID: 4531165961836567799, guid: d22a65b5964137e4281d0214fb7dfbb1, type: 3}
      propertyPath: m_LocalRotation.z
      value: -0
      objectReference: {fileID: 0}
    - target: {fileID: 4531165961836567799, guid: d22a65b5964137e4281d0214fb7dfbb1, type: 3}
      propertyPath: m_LocalEulerAnglesHint.x
      value: 0
      objectReference: {fileID: 0}
    - target: {fileID: 4531165961836567799, guid: d22a65b5964137e4281d0214fb7dfbb1, type: 3}
      propertyPath: m_LocalEulerAnglesHint.y
      value: -92.647
      objectReference: {fileID: 0}
    - target: {fileID: 4531165961836567799, guid: d22a65b5964137e4281d0214fb7dfbb1, type: 3}
      propertyPath: m_LocalEulerAnglesHint.z
      value: 0
      objectReference: {fileID: 0}
    - target: {fileID: 7455587221105988468, guid: d22a65b5964137e4281d0214fb7dfbb1, type: 3}
      propertyPath: m_Name
      value: Ardoise
      objectReference: {fileID: 0}
    m_RemovedComponents: []
  m_SourcePrefab: {fileID: 100100000, guid: d22a65b5964137e4281d0214fb7dfbb1, type: 3}
--- !u!1001 &4395789186529329102
PrefabInstance:
  m_ObjectHideFlags: 0
  serializedVersion: 2
  m_Modification:
    m_TransformParent: {fileID: 3863236999585674269}
    m_Modifications:
    - target: {fileID: 1595692797506610060, guid: d22a65b5964137e4281d0214fb7dfbb1, type: 3}
      propertyPath: m_IsActive
      value: 0
      objectReference: {fileID: 0}
    - target: {fileID: 4531165961836567799, guid: d22a65b5964137e4281d0214fb7dfbb1, type: 3}
      propertyPath: m_RootOrder
      value: 4
      objectReference: {fileID: 0}
    - target: {fileID: 4531165961836567799, guid: d22a65b5964137e4281d0214fb7dfbb1, type: 3}
      propertyPath: m_LocalPosition.x
      value: 0.22699988
      objectReference: {fileID: 0}
    - target: {fileID: 4531165961836567799, guid: d22a65b5964137e4281d0214fb7dfbb1, type: 3}
      propertyPath: m_LocalPosition.y
      value: 0.5948529
      objectReference: {fileID: 0}
    - target: {fileID: 4531165961836567799, guid: d22a65b5964137e4281d0214fb7dfbb1, type: 3}
      propertyPath: m_LocalPosition.z
      value: -0.8179997
      objectReference: {fileID: 0}
    - target: {fileID: 4531165961836567799, guid: d22a65b5964137e4281d0214fb7dfbb1, type: 3}
      propertyPath: m_LocalRotation.w
      value: 0.68779707
      objectReference: {fileID: 0}
    - target: {fileID: 4531165961836567799, guid: d22a65b5964137e4281d0214fb7dfbb1, type: 3}
      propertyPath: m_LocalRotation.x
      value: -0.062018532
      objectReference: {fileID: 0}
    - target: {fileID: 4531165961836567799, guid: d22a65b5964137e4281d0214fb7dfbb1, type: 3}
      propertyPath: m_LocalRotation.y
      value: -0.72032654
      objectReference: {fileID: 0}
    - target: {fileID: 4531165961836567799, guid: d22a65b5964137e4281d0214fb7dfbb1, type: 3}
      propertyPath: m_LocalRotation.z
      value: 0.0649517
      objectReference: {fileID: 0}
    - target: {fileID: 4531165961836567799, guid: d22a65b5964137e4281d0214fb7dfbb1, type: 3}
      propertyPath: m_LocalEulerAnglesHint.x
      value: 0.473
      objectReference: {fileID: 0}
    - target: {fileID: 4531165961836567799, guid: d22a65b5964137e4281d0214fb7dfbb1, type: 3}
      propertyPath: m_LocalEulerAnglesHint.y
      value: -92.604
      objectReference: {fileID: 0}
    - target: {fileID: 4531165961836567799, guid: d22a65b5964137e4281d0214fb7dfbb1, type: 3}
      propertyPath: m_LocalEulerAnglesHint.z
      value: 10.294
      objectReference: {fileID: 0}
    - target: {fileID: 7455587221105988468, guid: d22a65b5964137e4281d0214fb7dfbb1, type: 3}
      propertyPath: m_Name
      value: Ardoise (3)
      objectReference: {fileID: 0}
    m_RemovedComponents: []
  m_SourcePrefab: {fileID: 100100000, guid: d22a65b5964137e4281d0214fb7dfbb1, type: 3}
--- !u!1001 &4553397775342321875
PrefabInstance:
  m_ObjectHideFlags: 0
  serializedVersion: 2
  m_Modification:
    m_TransformParent: {fileID: 3863236999585674269}
    m_Modifications:
    - target: {fileID: 1595692797506610060, guid: d22a65b5964137e4281d0214fb7dfbb1, type: 3}
      propertyPath: m_IsActive
      value: 0
      objectReference: {fileID: 0}
    - target: {fileID: 4531165961836567799, guid: d22a65b5964137e4281d0214fb7dfbb1, type: 3}
      propertyPath: m_RootOrder
      value: 2
      objectReference: {fileID: 0}
    - target: {fileID: 4531165961836567799, guid: d22a65b5964137e4281d0214fb7dfbb1, type: 3}
      propertyPath: m_LocalPosition.x
      value: 0.27999994
      objectReference: {fileID: 0}
    - target: {fileID: 4531165961836567799, guid: d22a65b5964137e4281d0214fb7dfbb1, type: 3}
      propertyPath: m_LocalPosition.y
      value: 0.62182575
      objectReference: {fileID: 0}
    - target: {fileID: 4531165961836567799, guid: d22a65b5964137e4281d0214fb7dfbb1, type: 3}
      propertyPath: m_LocalPosition.z
      value: 0.011000178
      objectReference: {fileID: 0}
    - target: {fileID: 4531165961836567799, guid: d22a65b5964137e4281d0214fb7dfbb1, type: 3}
      propertyPath: m_LocalRotation.w
      value: 0.6403465
      objectReference: {fileID: 0}
    - target: {fileID: 4531165961836567799, guid: d22a65b5964137e4281d0214fb7dfbb1, type: 3}
      propertyPath: m_LocalRotation.x
      value: -0.053685818
      objectReference: {fileID: 0}
    - target: {fileID: 4531165961836567799, guid: d22a65b5964137e4281d0214fb7dfbb1, type: 3}
      propertyPath: m_LocalRotation.y
      value: -0.7648883
      objectReference: {fileID: 0}
    - target: {fileID: 4531165961836567799, guid: d22a65b5964137e4281d0214fb7dfbb1, type: 3}
      propertyPath: m_LocalRotation.z
      value: -0.044944514
      objectReference: {fileID: 0}
    - target: {fileID: 4531165961836567799, guid: d22a65b5964137e4281d0214fb7dfbb1, type: 3}
      propertyPath: m_LocalEulerAnglesHint.x
      value: -7.904
      objectReference: {fileID: 0}
    - target: {fileID: 4531165961836567799, guid: d22a65b5964137e4281d0214fb7dfbb1, type: 3}
      propertyPath: m_LocalEulerAnglesHint.y
      value: -100.228
      objectReference: {fileID: 0}
    - target: {fileID: 4531165961836567799, guid: d22a65b5964137e4281d0214fb7dfbb1, type: 3}
      propertyPath: m_LocalEulerAnglesHint.z
      value: 1.421
      objectReference: {fileID: 0}
    - target: {fileID: 7455587221105988468, guid: d22a65b5964137e4281d0214fb7dfbb1, type: 3}
      propertyPath: m_Name
      value: Ardoise (1)
      objectReference: {fileID: 0}
    m_RemovedComponents: []
  m_SourcePrefab: {fileID: 100100000, guid: d22a65b5964137e4281d0214fb7dfbb1, type: 3}
--- !u!1001 &4586114598739062282
PrefabInstance:
  m_ObjectHideFlags: 0
  serializedVersion: 2
  m_Modification:
    m_TransformParent: {fileID: 3605088800721031163}
    m_Modifications:
    - target: {fileID: 736865724137478679, guid: 08c54af3851744e4e9fe492dfefe5879, type: 3}
      propertyPath: m_RootOrder
      value: 0
      objectReference: {fileID: 0}
    - target: {fileID: 736865724137478679, guid: 08c54af3851744e4e9fe492dfefe5879, type: 3}
      propertyPath: m_LocalPosition.x
      value: 0
      objectReference: {fileID: 0}
    - target: {fileID: 736865724137478679, guid: 08c54af3851744e4e9fe492dfefe5879, type: 3}
      propertyPath: m_LocalPosition.y
      value: 0
      objectReference: {fileID: 0}
    - target: {fileID: 736865724137478679, guid: 08c54af3851744e4e9fe492dfefe5879, type: 3}
      propertyPath: m_LocalPosition.z
      value: 0
      objectReference: {fileID: 0}
    - target: {fileID: 736865724137478679, guid: 08c54af3851744e4e9fe492dfefe5879, type: 3}
      propertyPath: m_LocalRotation.w
      value: 1
      objectReference: {fileID: 0}
    - target: {fileID: 736865724137478679, guid: 08c54af3851744e4e9fe492dfefe5879, type: 3}
      propertyPath: m_LocalRotation.x
      value: 0
      objectReference: {fileID: 0}
    - target: {fileID: 736865724137478679, guid: 08c54af3851744e4e9fe492dfefe5879, type: 3}
      propertyPath: m_LocalRotation.y
      value: 0
      objectReference: {fileID: 0}
    - target: {fileID: 736865724137478679, guid: 08c54af3851744e4e9fe492dfefe5879, type: 3}
      propertyPath: m_LocalRotation.z
      value: 0
      objectReference: {fileID: 0}
    - target: {fileID: 736865724137478679, guid: 08c54af3851744e4e9fe492dfefe5879, type: 3}
      propertyPath: m_LocalEulerAnglesHint.x
      value: 0
      objectReference: {fileID: 0}
    - target: {fileID: 736865724137478679, guid: 08c54af3851744e4e9fe492dfefe5879, type: 3}
      propertyPath: m_LocalEulerAnglesHint.y
      value: 0
      objectReference: {fileID: 0}
    - target: {fileID: 736865724137478679, guid: 08c54af3851744e4e9fe492dfefe5879, type: 3}
      propertyPath: m_LocalEulerAnglesHint.z
      value: 0
      objectReference: {fileID: 0}
    - target: {fileID: 4616754147468852168, guid: 08c54af3851744e4e9fe492dfefe5879, type: 3}
      propertyPath: m_Name
      value: Caisse
      objectReference: {fileID: 0}
    m_RemovedComponents: []
  m_SourcePrefab: {fileID: 100100000, guid: 08c54af3851744e4e9fe492dfefe5879, type: 3}
--- !u!4 &3863236999585674269 stripped
Transform:
  m_CorrespondingSourceObject: {fileID: 736865724137478679, guid: 08c54af3851744e4e9fe492dfefe5879, type: 3}
  m_PrefabInstance: {fileID: 4586114598739062282}
  m_PrefabAsset: {fileID: 0}
--- !u!1001 &5086117850582516776
PrefabInstance:
  m_ObjectHideFlags: 0
  serializedVersion: 2
  m_Modification:
    m_TransformParent: {fileID: 3863236999585674269}
    m_Modifications:
    - target: {fileID: 1595692797506610060, guid: d22a65b5964137e4281d0214fb7dfbb1, type: 3}
      propertyPath: m_IsActive
      value: 0
      objectReference: {fileID: 0}
    - target: {fileID: 4531165961836567799, guid: d22a65b5964137e4281d0214fb7dfbb1, type: 3}
      propertyPath: m_RootOrder
      value: 3
      objectReference: {fileID: 0}
    - target: {fileID: 4531165961836567799, guid: d22a65b5964137e4281d0214fb7dfbb1, type: 3}
      propertyPath: m_LocalPosition.x
      value: 0.18800016
      objectReference: {fileID: 0}
    - target: {fileID: 4531165961836567799, guid: d22a65b5964137e4281d0214fb7dfbb1, type: 3}
      propertyPath: m_LocalPosition.y
      value: 0.57706964
      objectReference: {fileID: 0}
    - target: {fileID: 4531165961836567799, guid: d22a65b5964137e4281d0214fb7dfbb1, type: 3}
      propertyPath: m_LocalPosition.z
      value: -0.00053201005
      objectReference: {fileID: 0}
    - target: {fileID: 4531165961836567799, guid: d22a65b5964137e4281d0214fb7dfbb1, type: 3}
      propertyPath: m_LocalRotation.w
      value: -0.7148428
      objectReference: {fileID: 0}
    - target: {fileID: 4531165961836567799, guid: d22a65b5964137e4281d0214fb7dfbb1, type: 3}
      propertyPath: m_LocalRotation.x
      value: -0.10994292
      objectReference: {fileID: 0}
    - target: {fileID: 4531165961836567799, guid: d22a65b5964137e4281d0214fb7dfbb1, type: 3}
      propertyPath: m_LocalRotation.y
      value: -0.68256277
      objectReference: {fileID: 0}
    - target: {fileID: 4531165961836567799, guid: d22a65b5964137e4281d0214fb7dfbb1, type: 3}
      propertyPath: m_LocalRotation.z
      value: -0.10497827
      objectReference: {fileID: 0}
    - target: {fileID: 4531165961836567799, guid: d22a65b5964137e4281d0214fb7dfbb1, type: 3}
      propertyPath: m_LocalEulerAnglesHint.x
      value: 0.795
      objectReference: {fileID: 0}
    - target: {fileID: 4531165961836567799, guid: d22a65b5964137e4281d0214fb7dfbb1, type: 3}
      propertyPath: m_LocalEulerAnglesHint.y
      value: -272.524
      objectReference: {fileID: 0}
    - target: {fileID: 4531165961836567799, guid: d22a65b5964137e4281d0214fb7dfbb1, type: 3}
      propertyPath: m_LocalEulerAnglesHint.z
      value: 17.47
      objectReference: {fileID: 0}
    - target: {fileID: 7455587221105988468, guid: d22a65b5964137e4281d0214fb7dfbb1, type: 3}
      propertyPath: m_Name
      value: Ardoise (2)
      objectReference: {fileID: 0}
    m_RemovedComponents: []
  m_SourcePrefab: {fileID: 100100000, guid: d22a65b5964137e4281d0214fb7dfbb1, type: 3}
--- !u!1001 &5727506463294196286
PrefabInstance:
  m_ObjectHideFlags: 0
  serializedVersion: 2
  m_Modification:
    m_TransformParent: {fileID: 3863236999585674269}
    m_Modifications:
    - target: {fileID: 1595692797506610060, guid: d22a65b5964137e4281d0214fb7dfbb1, type: 3}
      propertyPath: m_IsActive
      value: 0
      objectReference: {fileID: 0}
    - target: {fileID: 4531165961836567799, guid: d22a65b5964137e4281d0214fb7dfbb1, type: 3}
      propertyPath: m_RootOrder
      value: 5
      objectReference: {fileID: 0}
    - target: {fileID: 4531165961836567799, guid: d22a65b5964137e4281d0214fb7dfbb1, type: 3}
      propertyPath: m_LocalScale.x
      value: 0.58422035
      objectReference: {fileID: 0}
    - target: {fileID: 4531165961836567799, guid: d22a65b5964137e4281d0214fb7dfbb1, type: 3}
      propertyPath: m_LocalScale.y
      value: 0.5842204
      objectReference: {fileID: 0}
    - target: {fileID: 4531165961836567799, guid: d22a65b5964137e4281d0214fb7dfbb1, type: 3}
      propertyPath: m_LocalScale.z
      value: 0.58422035
      objectReference: {fileID: 0}
    - target: {fileID: 4531165961836567799, guid: d22a65b5964137e4281d0214fb7dfbb1, type: 3}
      propertyPath: m_LocalPosition.x
      value: 0.694
      objectReference: {fileID: 0}
    - target: {fileID: 4531165961836567799, guid: d22a65b5964137e4281d0214fb7dfbb1, type: 3}
      propertyPath: m_LocalPosition.y
      value: 0.47699988
      objectReference: {fileID: 0}
    - target: {fileID: 4531165961836567799, guid: d22a65b5964137e4281d0214fb7dfbb1, type: 3}
      propertyPath: m_LocalPosition.z
      value: -0.10600027
      objectReference: {fileID: 0}
    - target: {fileID: 4531165961836567799, guid: d22a65b5964137e4281d0214fb7dfbb1, type: 3}
      propertyPath: m_LocalRotation.w
      value: 0.0086466875
      objectReference: {fileID: 0}
    - target: {fileID: 4531165961836567799, guid: d22a65b5964137e4281d0214fb7dfbb1, type: 3}
      propertyPath: m_LocalRotation.x
      value: 0.18944158
      objectReference: {fileID: 0}
    - target: {fileID: 4531165961836567799, guid: d22a65b5964137e4281d0214fb7dfbb1, type: 3}
      propertyPath: m_LocalRotation.y
      value: -0.0016683178
      objectReference: {fileID: 0}
    - target: {fileID: 4531165961836567799, guid: d22a65b5964137e4281d0214fb7dfbb1, type: 3}
      propertyPath: m_LocalRotation.z
      value: -0.9818526
      objectReference: {fileID: 0}
    - target: {fileID: 4531165961836567799, guid: d22a65b5964137e4281d0214fb7dfbb1, type: 3}
      propertyPath: m_LocalEulerAnglesHint.x
      value: 0
      objectReference: {fileID: 0}
    - target: {fileID: 4531165961836567799, guid: d22a65b5964137e4281d0214fb7dfbb1, type: 3}
      propertyPath: m_LocalEulerAnglesHint.y
      value: -21.841
      objectReference: {fileID: 0}
    - target: {fileID: 4531165961836567799, guid: d22a65b5964137e4281d0214fb7dfbb1, type: 3}
      propertyPath: m_LocalEulerAnglesHint.z
      value: -178.991
      objectReference: {fileID: 0}
    - target: {fileID: 7455587221105988468, guid: d22a65b5964137e4281d0214fb7dfbb1, type: 3}
      propertyPath: m_Name
      value: Ardoise (4)
      objectReference: {fileID: 0}
    m_RemovedComponents: []
  m_SourcePrefab: {fileID: 100100000, guid: d22a65b5964137e4281d0214fb7dfbb1, type: 3}
--- !u!1001 &9100195302641314533
PrefabInstance:
  m_ObjectHideFlags: 0
  serializedVersion: 2
  m_Modification:
    m_TransformParent: {fileID: 3863236999585674269}
    m_Modifications:
    - target: {fileID: 1595692797506610060, guid: d22a65b5964137e4281d0214fb7dfbb1, type: 3}
      propertyPath: m_IsActive
      value: 0
      objectReference: {fileID: 0}
    - target: {fileID: 4531165961836567799, guid: d22a65b5964137e4281d0214fb7dfbb1, type: 3}
      propertyPath: m_RootOrder
      value: 6
      objectReference: {fileID: 0}
    - target: {fileID: 4531165961836567799, guid: d22a65b5964137e4281d0214fb7dfbb1, type: 3}
      propertyPath: m_LocalScale.x
      value: 0.3322974
      objectReference: {fileID: 0}
    - target: {fileID: 4531165961836567799, guid: d22a65b5964137e4281d0214fb7dfbb1, type: 3}
      propertyPath: m_LocalScale.y
      value: 0.3774581
      objectReference: {fileID: 0}
    - target: {fileID: 4531165961836567799, guid: d22a65b5964137e4281d0214fb7dfbb1, type: 3}
      propertyPath: m_LocalScale.z
      value: 0.47591478
      objectReference: {fileID: 0}
    - target: {fileID: 4531165961836567799, guid: d22a65b5964137e4281d0214fb7dfbb1, type: 3}
      propertyPath: m_LocalPosition.x
      value: -0.18499984
      objectReference: {fileID: 0}
    - target: {fileID: 4531165961836567799, guid: d22a65b5964137e4281d0214fb7dfbb1, type: 3}
      propertyPath: m_LocalPosition.y
      value: 0.46499997
      objectReference: {fileID: 0}
    - target: {fileID: 4531165961836567799, guid: d22a65b5964137e4281d0214fb7dfbb1, type: 3}
      propertyPath: m_LocalPosition.z
      value: 0.44893628
      objectReference: {fileID: 0}
    - target: {fileID: 4531165961836567799, guid: d22a65b5964137e4281d0214fb7dfbb1, type: 3}
      propertyPath: m_LocalRotation.w
      value: 0.016838878
      objectReference: {fileID: 0}
    - target: {fileID: 4531165961836567799, guid: d22a65b5964137e4281d0214fb7dfbb1, type: 3}
      propertyPath: m_LocalRotation.x
      value: -0.6905194
      objectReference: {fileID: 0}
    - target: {fileID: 4531165961836567799, guid: d22a65b5964137e4281d0214fb7dfbb1, type: 3}
      propertyPath: m_LocalRotation.y
      value: -0.036893636
      objectReference: {fileID: 0}
    - target: {fileID: 4531165961836567799, guid: d22a65b5964137e4281d0214fb7dfbb1, type: 3}
      propertyPath: m_LocalRotation.z
      value: 0.72217613
      objectReference: {fileID: 0}
    - target: {fileID: 4531165961836567799, guid: d22a65b5964137e4281d0214fb7dfbb1, type: 3}
      propertyPath: m_LocalEulerAnglesHint.x
      value: 1.721
      objectReference: {fileID: 0}
    - target: {fileID: 4531165961836567799, guid: d22a65b5964137e4281d0214fb7dfbb1, type: 3}
      propertyPath: m_LocalEulerAnglesHint.y
      value: -87.497
      objectReference: {fileID: 0}
    - target: {fileID: 4531165961836567799, guid: d22a65b5964137e4281d0214fb7dfbb1, type: 3}
      propertyPath: m_LocalEulerAnglesHint.z
      value: 175.681
      objectReference: {fileID: 0}
    - target: {fileID: 7455587221105988468, guid: d22a65b5964137e4281d0214fb7dfbb1, type: 3}
      propertyPath: m_Name
      value: Ardoise (5)
      objectReference: {fileID: 0}
    m_RemovedComponents: []
  m_SourcePrefab: {fileID: 100100000, guid: d22a65b5964137e4281d0214fb7dfbb1, type: 3}
