%YAML 1.1
%TAG !u! tag:unity3d.com,2011:
--- !u!1 &7645895118566538246
GameObject:
  m_ObjectHideFlags: 0
  m_CorrespondingSourceObject: {fileID: 0}
  m_PrefabInstance: {fileID: 0}
  m_PrefabAsset: {fileID: 0}
  serializedVersion: 6
  m_Component:
  - component: {fileID: 3580186114585387837}
  m_Layer: 0
  m_Name: Caisse_Fleur
  m_TagString: Untagged
  m_Icon: {fileID: 0}
  m_NavMeshLayer: 0
  m_StaticEditorFlags: 0
  m_IsActive: 1
--- !u!4 &3580186114585387837
Transform:
  m_ObjectHideFlags: 0
  m_CorrespondingSourceObject: {fileID: 0}
  m_PrefabInstance: {fileID: 0}
  m_PrefabAsset: {fileID: 0}
  m_GameObject: {fileID: 7645895118566538246}
  m_LocalRotation: {x: 0, y: 0, z: 0, w: 1}
  m_LocalPosition: {x: 0, y: 0, z: 0}
  m_LocalScale: {x: 1, y: 1, z: 1}
  m_Children:
  - {fileID: 2771756176265369381}
  m_Father: {fileID: 0}
  m_RootOrder: 0
  m_LocalEulerAnglesHint: {x: 0, y: 0, z: 0}
--- !u!1001 &13891633504842627
PrefabInstance:
  m_ObjectHideFlags: 0
  serializedVersion: 2
  m_Modification:
    m_TransformParent: {fileID: 2771756176265369381}
    m_Modifications:
    - target: {fileID: -8679921383154817045, guid: b97b21912fd41af42b33d7040cac23ba, type: 3}
      propertyPath: m_RootOrder
      value: 5
      objectReference: {fileID: 0}
    - target: {fileID: -8679921383154817045, guid: b97b21912fd41af42b33d7040cac23ba, type: 3}
      propertyPath: m_LocalScale.x
      value: 0.83164215
      objectReference: {fileID: 0}
    - target: {fileID: -8679921383154817045, guid: b97b21912fd41af42b33d7040cac23ba, type: 3}
      propertyPath: m_LocalScale.y
      value: 0.86133176
      objectReference: {fileID: 0}
    - target: {fileID: -8679921383154817045, guid: b97b21912fd41af42b33d7040cac23ba, type: 3}
      propertyPath: m_LocalScale.z
      value: 0.83164227
      objectReference: {fileID: 0}
    - target: {fileID: -8679921383154817045, guid: b97b21912fd41af42b33d7040cac23ba, type: 3}
      propertyPath: m_LocalPosition.x
      value: -0.169
      objectReference: {fileID: 0}
    - target: {fileID: -8679921383154817045, guid: b97b21912fd41af42b33d7040cac23ba, type: 3}
      propertyPath: m_LocalPosition.y
      value: 0.47399998
      objectReference: {fileID: 0}
    - target: {fileID: -8679921383154817045, guid: b97b21912fd41af42b33d7040cac23ba, type: 3}
      propertyPath: m_LocalPosition.z
      value: -0.52599907
      objectReference: {fileID: 0}
    - target: {fileID: -8679921383154817045, guid: b97b21912fd41af42b33d7040cac23ba, type: 3}
      propertyPath: m_LocalRotation.w
      value: 0.97168607
      objectReference: {fileID: 0}
    - target: {fileID: -8679921383154817045, guid: b97b21912fd41af42b33d7040cac23ba, type: 3}
      propertyPath: m_LocalRotation.x
      value: -0.04348886
      objectReference: {fileID: 0}
    - target: {fileID: -8679921383154817045, guid: b97b21912fd41af42b33d7040cac23ba, type: 3}
      propertyPath: m_LocalRotation.y
      value: 0.19469483
      objectReference: {fileID: 0}
    - target: {fileID: -8679921383154817045, guid: b97b21912fd41af42b33d7040cac23ba, type: 3}
      propertyPath: m_LocalRotation.z
      value: 0.12660545
      objectReference: {fileID: 0}
    - target: {fileID: -8679921383154817045, guid: b97b21912fd41af42b33d7040cac23ba, type: 3}
      propertyPath: m_LocalEulerAnglesHint.x
      value: -7.69
      objectReference: {fileID: 0}
    - target: {fileID: -8679921383154817045, guid: b97b21912fd41af42b33d7040cac23ba, type: 3}
      propertyPath: m_LocalEulerAnglesHint.y
      value: 21.758
      objectReference: {fileID: 0}
    - target: {fileID: -8679921383154817045, guid: b97b21912fd41af42b33d7040cac23ba, type: 3}
      propertyPath: m_LocalEulerAnglesHint.z
      value: 13.367
      objectReference: {fileID: 0}
    - target: {fileID: 919132149155446097, guid: b97b21912fd41af42b33d7040cac23ba, type: 3}
      propertyPath: m_Name
      value: Hortensias (4)
      objectReference: {fileID: 0}
    m_RemovedComponents: []
  m_SourcePrefab: {fileID: 100100000, guid: b97b21912fd41af42b33d7040cac23ba, type: 3}
--- !u!4 &557288707751318632 stripped
Transform:
  m_CorrespondingSourceObject: {fileID: -8679921383154817045, guid: b97b21912fd41af42b33d7040cac23ba, type: 3}
  m_PrefabInstance: {fileID: 13891633504842627}
  m_PrefabAsset: {fileID: 0}
--- !u!1001 &218336330576470972
PrefabInstance:
  m_ObjectHideFlags: 0
  serializedVersion: 2
  m_Modification:
    m_TransformParent: {fileID: 4796428907279289753}
    m_Modifications:
    - target: {fileID: -8679921383154817045, guid: b97b21912fd41af42b33d7040cac23ba, type: 3}
      propertyPath: m_RootOrder
      value: 2
      objectReference: {fileID: 0}
    - target: {fileID: -8679921383154817045, guid: b97b21912fd41af42b33d7040cac23ba, type: 3}
      propertyPath: m_LocalScale.x
      value: 0.80841005
      objectReference: {fileID: 0}
    - target: {fileID: -8679921383154817045, guid: b97b21912fd41af42b33d7040cac23ba, type: 3}
      propertyPath: m_LocalScale.y
      value: 0.80841005
      objectReference: {fileID: 0}
    - target: {fileID: -8679921383154817045, guid: b97b21912fd41af42b33d7040cac23ba, type: 3}
      propertyPath: m_LocalScale.z
      value: 0.80841005
      objectReference: {fileID: 0}
    - target: {fileID: -8679921383154817045, guid: b97b21912fd41af42b33d7040cac23ba, type: 3}
      propertyPath: m_LocalPosition.x
      value: 0
      objectReference: {fileID: 0}
    - target: {fileID: -8679921383154817045, guid: b97b21912fd41af42b33d7040cac23ba, type: 3}
      propertyPath: m_LocalPosition.y
      value: 0.093687594
      objectReference: {fileID: 0}
    - target: {fileID: -8679921383154817045, guid: b97b21912fd41af42b33d7040cac23ba, type: 3}
      propertyPath: m_LocalPosition.z
      value: 0
      objectReference: {fileID: 0}
    - target: {fileID: -8679921383154817045, guid: b97b21912fd41af42b33d7040cac23ba, type: 3}
      propertyPath: m_LocalRotation.w
      value: 0.0000029504295
      objectReference: {fileID: 0}
    - target: {fileID: -8679921383154817045, guid: b97b21912fd41af42b33d7040cac23ba, type: 3}
      propertyPath: m_LocalRotation.x
      value: -1
      objectReference: {fileID: 0}
    - target: {fileID: -8679921383154817045, guid: b97b21912fd41af42b33d7040cac23ba, type: 3}
      propertyPath: m_LocalRotation.y
      value: -0
      objectReference: {fileID: 0}
    - target: {fileID: -8679921383154817045, guid: b97b21912fd41af42b33d7040cac23ba, type: 3}
      propertyPath: m_LocalRotation.z
      value: -0
      objectReference: {fileID: 0}
    - target: {fileID: -8679921383154817045, guid: b97b21912fd41af42b33d7040cac23ba, type: 3}
      propertyPath: m_LocalEulerAnglesHint.x
      value: -180
      objectReference: {fileID: 0}
    - target: {fileID: -8679921383154817045, guid: b97b21912fd41af42b33d7040cac23ba, type: 3}
      propertyPath: m_LocalEulerAnglesHint.y
      value: 0
      objectReference: {fileID: 0}
    - target: {fileID: -8679921383154817045, guid: b97b21912fd41af42b33d7040cac23ba, type: 3}
      propertyPath: m_LocalEulerAnglesHint.z
      value: 0
      objectReference: {fileID: 0}
    - target: {fileID: 919132149155446097, guid: b97b21912fd41af42b33d7040cac23ba, type: 3}
      propertyPath: m_Name
      value: Hortensias (3)
      objectReference: {fileID: 0}
    m_RemovedComponents: []
  m_SourcePrefab: {fileID: 100100000, guid: b97b21912fd41af42b33d7040cac23ba, type: 3}
--- !u!1001 &826979666145234144
PrefabInstance:
  m_ObjectHideFlags: 0
  serializedVersion: 2
  m_Modification:
    m_TransformParent: {fileID: 2755946017690901485}
    m_Modifications:
    - target: {fileID: -8679921383154817045, guid: b97b21912fd41af42b33d7040cac23ba, type: 3}
      propertyPath: m_RootOrder
      value: 2
      objectReference: {fileID: 0}
    - target: {fileID: -8679921383154817045, guid: b97b21912fd41af42b33d7040cac23ba, type: 3}
      propertyPath: m_LocalScale.x
      value: 0.80841005
      objectReference: {fileID: 0}
    - target: {fileID: -8679921383154817045, guid: b97b21912fd41af42b33d7040cac23ba, type: 3}
      propertyPath: m_LocalScale.y
      value: 0.80841005
      objectReference: {fileID: 0}
    - target: {fileID: -8679921383154817045, guid: b97b21912fd41af42b33d7040cac23ba, type: 3}
      propertyPath: m_LocalScale.z
      value: 0.80841005
      objectReference: {fileID: 0}
    - target: {fileID: -8679921383154817045, guid: b97b21912fd41af42b33d7040cac23ba, type: 3}
      propertyPath: m_LocalPosition.x
      value: 0
      objectReference: {fileID: 0}
    - target: {fileID: -8679921383154817045, guid: b97b21912fd41af42b33d7040cac23ba, type: 3}
      propertyPath: m_LocalPosition.y
      value: 0.093687594
      objectReference: {fileID: 0}
    - target: {fileID: -8679921383154817045, guid: b97b21912fd41af42b33d7040cac23ba, type: 3}
      propertyPath: m_LocalPosition.z
      value: 0
      objectReference: {fileID: 0}
    - target: {fileID: -8679921383154817045, guid: b97b21912fd41af42b33d7040cac23ba, type: 3}
      propertyPath: m_LocalRotation.w
      value: 0.0000029504295
      objectReference: {fileID: 0}
    - target: {fileID: -8679921383154817045, guid: b97b21912fd41af42b33d7040cac23ba, type: 3}
      propertyPath: m_LocalRotation.x
      value: -1
      objectReference: {fileID: 0}
    - target: {fileID: -8679921383154817045, guid: b97b21912fd41af42b33d7040cac23ba, type: 3}
      propertyPath: m_LocalRotation.y
      value: -0
      objectReference: {fileID: 0}
    - target: {fileID: -8679921383154817045, guid: b97b21912fd41af42b33d7040cac23ba, type: 3}
      propertyPath: m_LocalRotation.z
      value: -0
      objectReference: {fileID: 0}
    - target: {fileID: -8679921383154817045, guid: b97b21912fd41af42b33d7040cac23ba, type: 3}
      propertyPath: m_LocalEulerAnglesHint.x
      value: -180
      objectReference: {fileID: 0}
    - target: {fileID: -8679921383154817045, guid: b97b21912fd41af42b33d7040cac23ba, type: 3}
      propertyPath: m_LocalEulerAnglesHint.y
      value: 0
      objectReference: {fileID: 0}
    - target: {fileID: -8679921383154817045, guid: b97b21912fd41af42b33d7040cac23ba, type: 3}
      propertyPath: m_LocalEulerAnglesHint.z
      value: 0
      objectReference: {fileID: 0}
    - target: {fileID: 919132149155446097, guid: b97b21912fd41af42b33d7040cac23ba, type: 3}
      propertyPath: m_Name
      value: Hortensias (3)
      objectReference: {fileID: 0}
    m_RemovedComponents: []
  m_SourcePrefab: {fileID: 100100000, guid: b97b21912fd41af42b33d7040cac23ba, type: 3}
--- !u!1001 &1503132308445917007
PrefabInstance:
  m_ObjectHideFlags: 0
  serializedVersion: 2
  m_Modification:
    m_TransformParent: {fileID: 2755946017690901485}
    m_Modifications:
    - target: {fileID: -8679921383154817045, guid: b97b21912fd41af42b33d7040cac23ba, type: 3}
      propertyPath: m_RootOrder
      value: 1
      objectReference: {fileID: 0}
    - target: {fileID: -8679921383154817045, guid: b97b21912fd41af42b33d7040cac23ba, type: 3}
      propertyPath: m_LocalScale.x
      value: -1.3033235
      objectReference: {fileID: 0}
    - target: {fileID: -8679921383154817045, guid: b97b21912fd41af42b33d7040cac23ba, type: 3}
      propertyPath: m_LocalScale.y
      value: 1.3033233
      objectReference: {fileID: 0}
    - target: {fileID: -8679921383154817045, guid: b97b21912fd41af42b33d7040cac23ba, type: 3}
      propertyPath: m_LocalScale.z
      value: 1.3033234
      objectReference: {fileID: 0}
    - target: {fileID: -8679921383154817045, guid: b97b21912fd41af42b33d7040cac23ba, type: 3}
      propertyPath: m_LocalPosition.x
      value: 0
      objectReference: {fileID: 0}
    - target: {fileID: -8679921383154817045, guid: b97b21912fd41af42b33d7040cac23ba, type: 3}
      propertyPath: m_LocalPosition.y
      value: -0.0130548
      objectReference: {fileID: 0}
    - target: {fileID: -8679921383154817045, guid: b97b21912fd41af42b33d7040cac23ba, type: 3}
      propertyPath: m_LocalPosition.z
      value: 0
      objectReference: {fileID: 0}
    - target: {fileID: -8679921383154817045, guid: b97b21912fd41af42b33d7040cac23ba, type: 3}
      propertyPath: m_LocalRotation.w
      value: 0.56154007
      objectReference: {fileID: 0}
    - target: {fileID: -8679921383154817045, guid: b97b21912fd41af42b33d7040cac23ba, type: 3}
      propertyPath: m_LocalRotation.x
      value: -0
      objectReference: {fileID: 0}
    - target: {fileID: -8679921383154817045, guid: b97b21912fd41af42b33d7040cac23ba, type: 3}
      propertyPath: m_LocalRotation.y
      value: -0.8274496
      objectReference: {fileID: 0}
    - target: {fileID: -8679921383154817045, guid: b97b21912fd41af42b33d7040cac23ba, type: 3}
      propertyPath: m_LocalRotation.z
      value: -0
      objectReference: {fileID: 0}
    - target: {fileID: -8679921383154817045, guid: b97b21912fd41af42b33d7040cac23ba, type: 3}
      propertyPath: m_LocalEulerAnglesHint.x
      value: 0
      objectReference: {fileID: 0}
    - target: {fileID: -8679921383154817045, guid: b97b21912fd41af42b33d7040cac23ba, type: 3}
      propertyPath: m_LocalEulerAnglesHint.y
      value: -111.675
      objectReference: {fileID: 0}
    - target: {fileID: -8679921383154817045, guid: b97b21912fd41af42b33d7040cac23ba, type: 3}
      propertyPath: m_LocalEulerAnglesHint.z
      value: 0
      objectReference: {fileID: 0}
    - target: {fileID: 919132149155446097, guid: b97b21912fd41af42b33d7040cac23ba, type: 3}
      propertyPath: m_Name
      value: Hortensias (2)
      objectReference: {fileID: 0}
    m_RemovedComponents: []
  m_SourcePrefab: {fileID: 100100000, guid: b97b21912fd41af42b33d7040cac23ba, type: 3}
--- !u!1001 &2085678030233235898
PrefabInstance:
  m_ObjectHideFlags: 0
  serializedVersion: 2
  m_Modification:
    m_TransformParent: {fileID: 557288707751318632}
    m_Modifications:
    - target: {fileID: -8679921383154817045, guid: b97b21912fd41af42b33d7040cac23ba, type: 3}
      propertyPath: m_RootOrder
      value: 2
      objectReference: {fileID: 0}
    - target: {fileID: -8679921383154817045, guid: b97b21912fd41af42b33d7040cac23ba, type: 3}
      propertyPath: m_LocalScale.x
      value: 0.80841005
      objectReference: {fileID: 0}
    - target: {fileID: -8679921383154817045, guid: b97b21912fd41af42b33d7040cac23ba, type: 3}
      propertyPath: m_LocalScale.y
      value: 0.80841005
      objectReference: {fileID: 0}
    - target: {fileID: -8679921383154817045, guid: b97b21912fd41af42b33d7040cac23ba, type: 3}
      propertyPath: m_LocalScale.z
      value: 0.80841005
      objectReference: {fileID: 0}
    - target: {fileID: -8679921383154817045, guid: b97b21912fd41af42b33d7040cac23ba, type: 3}
      propertyPath: m_LocalPosition.x
      value: 0
      objectReference: {fileID: 0}
    - target: {fileID: -8679921383154817045, guid: b97b21912fd41af42b33d7040cac23ba, type: 3}
      propertyPath: m_LocalPosition.y
      value: 0.093687594
      objectReference: {fileID: 0}
    - target: {fileID: -8679921383154817045, guid: b97b21912fd41af42b33d7040cac23ba, type: 3}
      propertyPath: m_LocalPosition.z
      value: 0
      objectReference: {fileID: 0}
    - target: {fileID: -8679921383154817045, guid: b97b21912fd41af42b33d7040cac23ba, type: 3}
      propertyPath: m_LocalRotation.w
      value: 0.0000029504295
      objectReference: {fileID: 0}
    - target: {fileID: -8679921383154817045, guid: b97b21912fd41af42b33d7040cac23ba, type: 3}
      propertyPath: m_LocalRotation.x
      value: -1
      objectReference: {fileID: 0}
    - target: {fileID: -8679921383154817045, guid: b97b21912fd41af42b33d7040cac23ba, type: 3}
      propertyPath: m_LocalRotation.y
      value: -0
      objectReference: {fileID: 0}
    - target: {fileID: -8679921383154817045, guid: b97b21912fd41af42b33d7040cac23ba, type: 3}
      propertyPath: m_LocalRotation.z
      value: -0
      objectReference: {fileID: 0}
    - target: {fileID: -8679921383154817045, guid: b97b21912fd41af42b33d7040cac23ba, type: 3}
      propertyPath: m_LocalEulerAnglesHint.x
      value: -180
      objectReference: {fileID: 0}
    - target: {fileID: -8679921383154817045, guid: b97b21912fd41af42b33d7040cac23ba, type: 3}
      propertyPath: m_LocalEulerAnglesHint.y
      value: 0
      objectReference: {fileID: 0}
    - target: {fileID: -8679921383154817045, guid: b97b21912fd41af42b33d7040cac23ba, type: 3}
      propertyPath: m_LocalEulerAnglesHint.z
      value: 0
      objectReference: {fileID: 0}
    - target: {fileID: 919132149155446097, guid: b97b21912fd41af42b33d7040cac23ba, type: 3}
      propertyPath: m_Name
      value: Hortensias (3)
      objectReference: {fileID: 0}
    m_RemovedComponents: []
  m_SourcePrefab: {fileID: 100100000, guid: b97b21912fd41af42b33d7040cac23ba, type: 3}
--- !u!1001 &2429040196107582470
PrefabInstance:
  m_ObjectHideFlags: 0
  serializedVersion: 2
  m_Modification:
    m_TransformParent: {fileID: 2771756176265369381}
    m_Modifications:
    - target: {fileID: -8679921383154817045, guid: b97b21912fd41af42b33d7040cac23ba, type: 3}
      propertyPath: m_RootOrder
      value: 1
      objectReference: {fileID: 0}
    - target: {fileID: -8679921383154817045, guid: b97b21912fd41af42b33d7040cac23ba, type: 3}
      propertyPath: m_LocalScale.x
      value: 0.89661574
      objectReference: {fileID: 0}
    - target: {fileID: -8679921383154817045, guid: b97b21912fd41af42b33d7040cac23ba, type: 3}
      propertyPath: m_LocalScale.y
      value: 0.92862487
      objectReference: {fileID: 0}
    - target: {fileID: -8679921383154817045, guid: b97b21912fd41af42b33d7040cac23ba, type: 3}
      propertyPath: m_LocalScale.z
      value: 0.8966157
      objectReference: {fileID: 0}
    - target: {fileID: -8679921383154817045, guid: b97b21912fd41af42b33d7040cac23ba, type: 3}
      propertyPath: m_LocalPosition.x
      value: -0.116
      objectReference: {fileID: 0}
    - target: {fileID: -8679921383154817045, guid: b97b21912fd41af42b33d7040cac23ba, type: 3}
      propertyPath: m_LocalPosition.y
      value: 0.329
      objectReference: {fileID: 0}
    - target: {fileID: -8679921383154817045, guid: b97b21912fd41af42b33d7040cac23ba, type: 3}
      propertyPath: m_LocalPosition.z
      value: 0.02199936
      objectReference: {fileID: 0}
    - target: {fileID: -8679921383154817045, guid: b97b21912fd41af42b33d7040cac23ba, type: 3}
      propertyPath: m_LocalRotation.w
      value: 0.91746473
      objectReference: {fileID: 0}
    - target: {fileID: -8679921383154817045, guid: b97b21912fd41af42b33d7040cac23ba, type: 3}
      propertyPath: m_LocalRotation.x
      value: -0.09828919
      objectReference: {fileID: 0}
    - target: {fileID: -8679921383154817045, guid: b97b21912fd41af42b33d7040cac23ba, type: 3}
      propertyPath: m_LocalRotation.y
      value: 0.08995231
      objectReference: {fileID: 0}
    - target: {fileID: -8679921383154817045, guid: b97b21912fd41af42b33d7040cac23ba, type: 3}
      propertyPath: m_LocalRotation.z
      value: 0.37484163
      objectReference: {fileID: 0}
    - target: {fileID: -8679921383154817045, guid: b97b21912fd41af42b33d7040cac23ba, type: 3}
      propertyPath: m_LocalEulerAnglesHint.x
      value: -14.347
      objectReference: {fileID: 0}
    - target: {fileID: -8679921383154817045, guid: b97b21912fd41af42b33d7040cac23ba, type: 3}
      propertyPath: m_LocalEulerAnglesHint.y
      value: 5.412
      objectReference: {fileID: 0}
    - target: {fileID: -8679921383154817045, guid: b97b21912fd41af42b33d7040cac23ba, type: 3}
      propertyPath: m_LocalEulerAnglesHint.z
      value: 43.765
      objectReference: {fileID: 0}
    - target: {fileID: 919132149155446097, guid: b97b21912fd41af42b33d7040cac23ba, type: 3}
      propertyPath: m_Name
      value: Hortensias (3)
      objectReference: {fileID: 0}
    m_RemovedComponents: []
  m_SourcePrefab: {fileID: 100100000, guid: b97b21912fd41af42b33d7040cac23ba, type: 3}
--- !u!4 &2755946017690901485 stripped
Transform:
  m_CorrespondingSourceObject: {fileID: -8679921383154817045, guid: b97b21912fd41af42b33d7040cac23ba, type: 3}
  m_PrefabInstance: {fileID: 2429040196107582470}
  m_PrefabAsset: {fileID: 0}
--- !u!1001 &2439162613276825076
PrefabInstance:
  m_ObjectHideFlags: 0
  serializedVersion: 2
  m_Modification:
    m_TransformParent: {fileID: 9069629760118306223}
    m_Modifications:
    - target: {fileID: -8679921383154817045, guid: b97b21912fd41af42b33d7040cac23ba, type: 3}
      propertyPath: m_RootOrder
      value: 1
      objectReference: {fileID: 0}
    - target: {fileID: -8679921383154817045, guid: b97b21912fd41af42b33d7040cac23ba, type: 3}
      propertyPath: m_LocalScale.x
      value: -1.3033235
      objectReference: {fileID: 0}
    - target: {fileID: -8679921383154817045, guid: b97b21912fd41af42b33d7040cac23ba, type: 3}
      propertyPath: m_LocalScale.y
      value: 1.3033233
      objectReference: {fileID: 0}
    - target: {fileID: -8679921383154817045, guid: b97b21912fd41af42b33d7040cac23ba, type: 3}
      propertyPath: m_LocalScale.z
      value: 1.3033234
      objectReference: {fileID: 0}
    - target: {fileID: -8679921383154817045, guid: b97b21912fd41af42b33d7040cac23ba, type: 3}
      propertyPath: m_LocalPosition.x
      value: 0
      objectReference: {fileID: 0}
    - target: {fileID: -8679921383154817045, guid: b97b21912fd41af42b33d7040cac23ba, type: 3}
      propertyPath: m_LocalPosition.y
      value: -0.0130548
      objectReference: {fileID: 0}
    - target: {fileID: -8679921383154817045, guid: b97b21912fd41af42b33d7040cac23ba, type: 3}
      propertyPath: m_LocalPosition.z
      value: 0
      objectReference: {fileID: 0}
    - target: {fileID: -8679921383154817045, guid: b97b21912fd41af42b33d7040cac23ba, type: 3}
      propertyPath: m_LocalRotation.w
      value: 0.56154007
      objectReference: {fileID: 0}
    - target: {fileID: -8679921383154817045, guid: b97b21912fd41af42b33d7040cac23ba, type: 3}
      propertyPath: m_LocalRotation.x
      value: -0
      objectReference: {fileID: 0}
    - target: {fileID: -8679921383154817045, guid: b97b21912fd41af42b33d7040cac23ba, type: 3}
      propertyPath: m_LocalRotation.y
      value: -0.8274496
      objectReference: {fileID: 0}
    - target: {fileID: -8679921383154817045, guid: b97b21912fd41af42b33d7040cac23ba, type: 3}
      propertyPath: m_LocalRotation.z
      value: -0
      objectReference: {fileID: 0}
    - target: {fileID: -8679921383154817045, guid: b97b21912fd41af42b33d7040cac23ba, type: 3}
      propertyPath: m_LocalEulerAnglesHint.x
      value: 0
      objectReference: {fileID: 0}
    - target: {fileID: -8679921383154817045, guid: b97b21912fd41af42b33d7040cac23ba, type: 3}
      propertyPath: m_LocalEulerAnglesHint.y
      value: -111.675
      objectReference: {fileID: 0}
    - target: {fileID: -8679921383154817045, guid: b97b21912fd41af42b33d7040cac23ba, type: 3}
      propertyPath: m_LocalEulerAnglesHint.z
      value: 0
      objectReference: {fileID: 0}
    - target: {fileID: 919132149155446097, guid: b97b21912fd41af42b33d7040cac23ba, type: 3}
      propertyPath: m_Name
      value: Hortensias (2)
      objectReference: {fileID: 0}
    m_RemovedComponents: []
  m_SourcePrefab: {fileID: 100100000, guid: b97b21912fd41af42b33d7040cac23ba, type: 3}
--- !u!1001 &2551931222636951212
PrefabInstance:
  m_ObjectHideFlags: 0
  serializedVersion: 2
  m_Modification:
    m_TransformParent: {fileID: 557288707751318632}
    m_Modifications:
    - target: {fileID: -8679921383154817045, guid: b97b21912fd41af42b33d7040cac23ba, type: 3}
      propertyPath: m_RootOrder
      value: 0
      objectReference: {fileID: 0}
    - target: {fileID: -8679921383154817045, guid: b97b21912fd41af42b33d7040cac23ba, type: 3}
      propertyPath: m_LocalScale.x
      value: 1.0999
      objectReference: {fileID: 0}
    - target: {fileID: -8679921383154817045, guid: b97b21912fd41af42b33d7040cac23ba, type: 3}
      propertyPath: m_LocalScale.y
      value: 1.0999
      objectReference: {fileID: 0}
    - target: {fileID: -8679921383154817045, guid: b97b21912fd41af42b33d7040cac23ba, type: 3}
      propertyPath: m_LocalScale.z
      value: 1.0999
      objectReference: {fileID: 0}
    - target: {fileID: -8679921383154817045, guid: b97b21912fd41af42b33d7040cac23ba, type: 3}
      propertyPath: m_LocalPosition.x
      value: 0
      objectReference: {fileID: 0}
    - target: {fileID: -8679921383154817045, guid: b97b21912fd41af42b33d7040cac23ba, type: 3}
      propertyPath: m_LocalPosition.y
      value: 0.016894544
      objectReference: {fileID: 0}
    - target: {fileID: -8679921383154817045, guid: b97b21912fd41af42b33d7040cac23ba, type: 3}
      propertyPath: m_LocalPosition.z
      value: 0
      objectReference: {fileID: 0}
    - target: {fileID: -8679921383154817045, guid: b97b21912fd41af42b33d7040cac23ba, type: 3}
      propertyPath: m_LocalRotation.w
      value: 0.56154007
      objectReference: {fileID: 0}
    - target: {fileID: -8679921383154817045, guid: b97b21912fd41af42b33d7040cac23ba, type: 3}
      propertyPath: m_LocalRotation.x
      value: -0
      objectReference: {fileID: 0}
    - target: {fileID: -8679921383154817045, guid: b97b21912fd41af42b33d7040cac23ba, type: 3}
      propertyPath: m_LocalRotation.y
      value: -0.8274496
      objectReference: {fileID: 0}
    - target: {fileID: -8679921383154817045, guid: b97b21912fd41af42b33d7040cac23ba, type: 3}
      propertyPath: m_LocalRotation.z
      value: -0
      objectReference: {fileID: 0}
    - target: {fileID: -8679921383154817045, guid: b97b21912fd41af42b33d7040cac23ba, type: 3}
      propertyPath: m_LocalEulerAnglesHint.x
      value: 0
      objectReference: {fileID: 0}
    - target: {fileID: -8679921383154817045, guid: b97b21912fd41af42b33d7040cac23ba, type: 3}
      propertyPath: m_LocalEulerAnglesHint.y
      value: -111.675
      objectReference: {fileID: 0}
    - target: {fileID: -8679921383154817045, guid: b97b21912fd41af42b33d7040cac23ba, type: 3}
      propertyPath: m_LocalEulerAnglesHint.z
      value: 0
      objectReference: {fileID: 0}
    - target: {fileID: 919132149155446097, guid: b97b21912fd41af42b33d7040cac23ba, type: 3}
      propertyPath: m_Name
      value: Hortensias (1)
      objectReference: {fileID: 0}
    m_RemovedComponents: []
  m_SourcePrefab: {fileID: 100100000, guid: b97b21912fd41af42b33d7040cac23ba, type: 3}
--- !u!1001 &2998604987890856674
PrefabInstance:
  m_ObjectHideFlags: 0
  serializedVersion: 2
  m_Modification:
    m_TransformParent: {fileID: 4796428907279289753}
    m_Modifications:
    - target: {fileID: -8679921383154817045, guid: b97b21912fd41af42b33d7040cac23ba, type: 3}
      propertyPath: m_RootOrder
      value: 1
      objectReference: {fileID: 0}
    - target: {fileID: -8679921383154817045, guid: b97b21912fd41af42b33d7040cac23ba, type: 3}
      propertyPath: m_LocalScale.x
      value: -1.3033235
      objectReference: {fileID: 0}
    - target: {fileID: -8679921383154817045, guid: b97b21912fd41af42b33d7040cac23ba, type: 3}
      propertyPath: m_LocalScale.y
      value: 1.3033233
      objectReference: {fileID: 0}
    - target: {fileID: -8679921383154817045, guid: b97b21912fd41af42b33d7040cac23ba, type: 3}
      propertyPath: m_LocalScale.z
      value: 1.3033234
      objectReference: {fileID: 0}
    - target: {fileID: -8679921383154817045, guid: b97b21912fd41af42b33d7040cac23ba, type: 3}
      propertyPath: m_LocalPosition.x
      value: 0
      objectReference: {fileID: 0}
    - target: {fileID: -8679921383154817045, guid: b97b21912fd41af42b33d7040cac23ba, type: 3}
      propertyPath: m_LocalPosition.y
      value: -0.0130548
      objectReference: {fileID: 0}
    - target: {fileID: -8679921383154817045, guid: b97b21912fd41af42b33d7040cac23ba, type: 3}
      propertyPath: m_LocalPosition.z
      value: 0
      objectReference: {fileID: 0}
    - target: {fileID: -8679921383154817045, guid: b97b21912fd41af42b33d7040cac23ba, type: 3}
      propertyPath: m_LocalRotation.w
      value: 0.56154007
      objectReference: {fileID: 0}
    - target: {fileID: -8679921383154817045, guid: b97b21912fd41af42b33d7040cac23ba, type: 3}
      propertyPath: m_LocalRotation.x
      value: -0
      objectReference: {fileID: 0}
    - target: {fileID: -8679921383154817045, guid: b97b21912fd41af42b33d7040cac23ba, type: 3}
      propertyPath: m_LocalRotation.y
      value: -0.8274496
      objectReference: {fileID: 0}
    - target: {fileID: -8679921383154817045, guid: b97b21912fd41af42b33d7040cac23ba, type: 3}
      propertyPath: m_LocalRotation.z
      value: -0
      objectReference: {fileID: 0}
    - target: {fileID: -8679921383154817045, guid: b97b21912fd41af42b33d7040cac23ba, type: 3}
      propertyPath: m_LocalEulerAnglesHint.x
      value: 0
      objectReference: {fileID: 0}
    - target: {fileID: -8679921383154817045, guid: b97b21912fd41af42b33d7040cac23ba, type: 3}
      propertyPath: m_LocalEulerAnglesHint.y
      value: -111.675
      objectReference: {fileID: 0}
    - target: {fileID: -8679921383154817045, guid: b97b21912fd41af42b33d7040cac23ba, type: 3}
      propertyPath: m_LocalEulerAnglesHint.z
      value: 0
      objectReference: {fileID: 0}
    - target: {fileID: 919132149155446097, guid: b97b21912fd41af42b33d7040cac23ba, type: 3}
      propertyPath: m_Name
      value: Hortensias (2)
      objectReference: {fileID: 0}
    m_RemovedComponents: []
  m_SourcePrefab: {fileID: 100100000, guid: b97b21912fd41af42b33d7040cac23ba, type: 3}
--- !u!1001 &3056153403007022710
PrefabInstance:
  m_ObjectHideFlags: 0
  serializedVersion: 2
  m_Modification:
    m_TransformParent: {fileID: 557288707751318632}
    m_Modifications:
    - target: {fileID: -8679921383154817045, guid: b97b21912fd41af42b33d7040cac23ba, type: 3}
      propertyPath: m_RootOrder
      value: 1
      objectReference: {fileID: 0}
    - target: {fileID: -8679921383154817045, guid: b97b21912fd41af42b33d7040cac23ba, type: 3}
      propertyPath: m_LocalScale.x
      value: -1.3033235
      objectReference: {fileID: 0}
    - target: {fileID: -8679921383154817045, guid: b97b21912fd41af42b33d7040cac23ba, type: 3}
      propertyPath: m_LocalScale.y
      value: 1.3033233
      objectReference: {fileID: 0}
    - target: {fileID: -8679921383154817045, guid: b97b21912fd41af42b33d7040cac23ba, type: 3}
      propertyPath: m_LocalScale.z
      value: 1.3033234
      objectReference: {fileID: 0}
    - target: {fileID: -8679921383154817045, guid: b97b21912fd41af42b33d7040cac23ba, type: 3}
      propertyPath: m_LocalPosition.x
      value: 0
      objectReference: {fileID: 0}
    - target: {fileID: -8679921383154817045, guid: b97b21912fd41af42b33d7040cac23ba, type: 3}
      propertyPath: m_LocalPosition.y
      value: -0.0130548
      objectReference: {fileID: 0}
    - target: {fileID: -8679921383154817045, guid: b97b21912fd41af42b33d7040cac23ba, type: 3}
      propertyPath: m_LocalPosition.z
      value: 0
      objectReference: {fileID: 0}
    - target: {fileID: -8679921383154817045, guid: b97b21912fd41af42b33d7040cac23ba, type: 3}
      propertyPath: m_LocalRotation.w
      value: 0.56154007
      objectReference: {fileID: 0}
    - target: {fileID: -8679921383154817045, guid: b97b21912fd41af42b33d7040cac23ba, type: 3}
      propertyPath: m_LocalRotation.x
      value: -0
      objectReference: {fileID: 0}
    - target: {fileID: -8679921383154817045, guid: b97b21912fd41af42b33d7040cac23ba, type: 3}
      propertyPath: m_LocalRotation.y
      value: -0.8274496
      objectReference: {fileID: 0}
    - target: {fileID: -8679921383154817045, guid: b97b21912fd41af42b33d7040cac23ba, type: 3}
      propertyPath: m_LocalRotation.z
      value: -0
      objectReference: {fileID: 0}
    - target: {fileID: -8679921383154817045, guid: b97b21912fd41af42b33d7040cac23ba, type: 3}
      propertyPath: m_LocalEulerAnglesHint.x
      value: 0
      objectReference: {fileID: 0}
    - target: {fileID: -8679921383154817045, guid: b97b21912fd41af42b33d7040cac23ba, type: 3}
      propertyPath: m_LocalEulerAnglesHint.y
      value: -111.675
      objectReference: {fileID: 0}
    - target: {fileID: -8679921383154817045, guid: b97b21912fd41af42b33d7040cac23ba, type: 3}
      propertyPath: m_LocalEulerAnglesHint.z
      value: 0
      objectReference: {fileID: 0}
    - target: {fileID: 919132149155446097, guid: b97b21912fd41af42b33d7040cac23ba, type: 3}
      propertyPath: m_Name
      value: Hortensias (2)
      objectReference: {fileID: 0}
    m_RemovedComponents: []
  m_SourcePrefab: {fileID: 100100000, guid: b97b21912fd41af42b33d7040cac23ba, type: 3}
--- !u!1001 &3192663966395059506
PrefabInstance:
  m_ObjectHideFlags: 0
  serializedVersion: 2
  m_Modification:
    m_TransformParent: {fileID: 3580186114585387837}
    m_Modifications:
    - target: {fileID: 736865724137478679, guid: 08c54af3851744e4e9fe492dfefe5879, type: 3}
      propertyPath: m_RootOrder
      value: 0
      objectReference: {fileID: 0}
    - target: {fileID: 736865724137478679, guid: 08c54af3851744e4e9fe492dfefe5879, type: 3}
      propertyPath: m_LocalPosition.x
      value: 0
      objectReference: {fileID: 0}
    - target: {fileID: 736865724137478679, guid: 08c54af3851744e4e9fe492dfefe5879, type: 3}
      propertyPath: m_LocalPosition.y
      value: 0
      objectReference: {fileID: 0}
    - target: {fileID: 736865724137478679, guid: 08c54af3851744e4e9fe492dfefe5879, type: 3}
      propertyPath: m_LocalPosition.z
      value: 0
      objectReference: {fileID: 0}
    - target: {fileID: 736865724137478679, guid: 08c54af3851744e4e9fe492dfefe5879, type: 3}
      propertyPath: m_LocalRotation.w
      value: 1
      objectReference: {fileID: 0}
    - target: {fileID: 736865724137478679, guid: 08c54af3851744e4e9fe492dfefe5879, type: 3}
      propertyPath: m_LocalRotation.x
      value: 0
      objectReference: {fileID: 0}
    - target: {fileID: 736865724137478679, guid: 08c54af3851744e4e9fe492dfefe5879, type: 3}
      propertyPath: m_LocalRotation.y
      value: 0
      objectReference: {fileID: 0}
    - target: {fileID: 736865724137478679, guid: 08c54af3851744e4e9fe492dfefe5879, type: 3}
      propertyPath: m_LocalRotation.z
      value: 0
      objectReference: {fileID: 0}
    - target: {fileID: 736865724137478679, guid: 08c54af3851744e4e9fe492dfefe5879, type: 3}
      propertyPath: m_LocalEulerAnglesHint.x
      value: 0
      objectReference: {fileID: 0}
    - target: {fileID: 736865724137478679, guid: 08c54af3851744e4e9fe492dfefe5879, type: 3}
      propertyPath: m_LocalEulerAnglesHint.y
      value: 0
      objectReference: {fileID: 0}
    - target: {fileID: 736865724137478679, guid: 08c54af3851744e4e9fe492dfefe5879, type: 3}
      propertyPath: m_LocalEulerAnglesHint.z
      value: 0
      objectReference: {fileID: 0}
    - target: {fileID: 4616754147468852168, guid: 08c54af3851744e4e9fe492dfefe5879, type: 3}
      propertyPath: m_Name
      value: Caisse
      objectReference: {fileID: 0}
    m_RemovedComponents: []
  m_SourcePrefab: {fileID: 100100000, guid: 08c54af3851744e4e9fe492dfefe5879, type: 3}
--- !u!4 &2771756176265369381 stripped
Transform:
  m_CorrespondingSourceObject: {fileID: 736865724137478679, guid: 08c54af3851744e4e9fe492dfefe5879, type: 3}
  m_PrefabInstance: {fileID: 3192663966395059506}
  m_PrefabAsset: {fileID: 0}
--- !u!1001 &3551892063071708059
PrefabInstance:
  m_ObjectHideFlags: 0
  serializedVersion: 2
  m_Modification:
    m_TransformParent: {fileID: 4796428907279289753}
    m_Modifications:
    - target: {fileID: -8679921383154817045, guid: b97b21912fd41af42b33d7040cac23ba, type: 3}
      propertyPath: m_RootOrder
      value: 0
      objectReference: {fileID: 0}
    - target: {fileID: -8679921383154817045, guid: b97b21912fd41af42b33d7040cac23ba, type: 3}
      propertyPath: m_LocalScale.x
      value: 1.0999
      objectReference: {fileID: 0}
    - target: {fileID: -8679921383154817045, guid: b97b21912fd41af42b33d7040cac23ba, type: 3}
      propertyPath: m_LocalScale.y
      value: 1.0999
      objectReference: {fileID: 0}
    - target: {fileID: -8679921383154817045, guid: b97b21912fd41af42b33d7040cac23ba, type: 3}
      propertyPath: m_LocalScale.z
      value: 1.0999
      objectReference: {fileID: 0}
    - target: {fileID: -8679921383154817045, guid: b97b21912fd41af42b33d7040cac23ba, type: 3}
      propertyPath: m_LocalPosition.x
      value: 0
      objectReference: {fileID: 0}
    - target: {fileID: -8679921383154817045, guid: b97b21912fd41af42b33d7040cac23ba, type: 3}
      propertyPath: m_LocalPosition.y
      value: 0.016894544
      objectReference: {fileID: 0}
    - target: {fileID: -8679921383154817045, guid: b97b21912fd41af42b33d7040cac23ba, type: 3}
      propertyPath: m_LocalPosition.z
      value: 0
      objectReference: {fileID: 0}
    - target: {fileID: -8679921383154817045, guid: b97b21912fd41af42b33d7040cac23ba, type: 3}
      propertyPath: m_LocalRotation.w
      value: 0.56154007
      objectReference: {fileID: 0}
    - target: {fileID: -8679921383154817045, guid: b97b21912fd41af42b33d7040cac23ba, type: 3}
      propertyPath: m_LocalRotation.x
      value: -0
      objectReference: {fileID: 0}
    - target: {fileID: -8679921383154817045, guid: b97b21912fd41af42b33d7040cac23ba, type: 3}
      propertyPath: m_LocalRotation.y
      value: -0.8274496
      objectReference: {fileID: 0}
    - target: {fileID: -8679921383154817045, guid: b97b21912fd41af42b33d7040cac23ba, type: 3}
      propertyPath: m_LocalRotation.z
      value: -0
      objectReference: {fileID: 0}
    - target: {fileID: -8679921383154817045, guid: b97b21912fd41af42b33d7040cac23ba, type: 3}
      propertyPath: m_LocalEulerAnglesHint.x
      value: 0
      objectReference: {fileID: 0}
    - target: {fileID: -8679921383154817045, guid: b97b21912fd41af42b33d7040cac23ba, type: 3}
      propertyPath: m_LocalEulerAnglesHint.y
      value: -111.675
      objectReference: {fileID: 0}
    - target: {fileID: -8679921383154817045, guid: b97b21912fd41af42b33d7040cac23ba, type: 3}
      propertyPath: m_LocalEulerAnglesHint.z
      value: 0
      objectReference: {fileID: 0}
    - target: {fileID: 919132149155446097, guid: b97b21912fd41af42b33d7040cac23ba, type: 3}
      propertyPath: m_Name
      value: Hortensias (1)
      objectReference: {fileID: 0}
    m_RemovedComponents: []
  m_SourcePrefab: {fileID: 100100000, guid: b97b21912fd41af42b33d7040cac23ba, type: 3}
--- !u!1001 &4371461354583525255
PrefabInstance:
  m_ObjectHideFlags: 0
  serializedVersion: 2
  m_Modification:
    m_TransformParent: {fileID: 2771756176265369381}
    m_Modifications:
    - target: {fileID: -8679921383154817045, guid: b97b21912fd41af42b33d7040cac23ba, type: 3}
      propertyPath: m_RootOrder
      value: 2
      objectReference: {fileID: 0}
    - target: {fileID: -8679921383154817045, guid: b97b21912fd41af42b33d7040cac23ba, type: 3}
      propertyPath: m_LocalScale.x
      value: 1.3022
      objectReference: {fileID: 0}
    - target: {fileID: -8679921383154817045, guid: b97b21912fd41af42b33d7040cac23ba, type: 3}
      propertyPath: m_LocalScale.y
      value: 1.3486885
      objectReference: {fileID: 0}
    - target: {fileID: -8679921383154817045, guid: b97b21912fd41af42b33d7040cac23ba, type: 3}
      propertyPath: m_LocalScale.z
      value: 1.3022
      objectReference: {fileID: 0}
    - target: {fileID: -8679921383154817045, guid: b97b21912fd41af42b33d7040cac23ba, type: 3}
      propertyPath: m_LocalPosition.x
      value: -0.07499999
      objectReference: {fileID: 0}
    - target: {fileID: -8679921383154817045, guid: b97b21912fd41af42b33d7040cac23ba, type: 3}
      propertyPath: m_LocalPosition.y
      value: 0.37799978
      objectReference: {fileID: 0}
    - target: {fileID: -8679921383154817045, guid: b97b21912fd41af42b33d7040cac23ba, type: 3}
      propertyPath: m_LocalPosition.z
      value: 0.50099945
      objectReference: {fileID: 0}
    - target: {fileID: -8679921383154817045, guid: b97b21912fd41af42b33d7040cac23ba, type: 3}
      propertyPath: m_LocalRotation.w
      value: 1
      objectReference: {fileID: 0}
    - target: {fileID: -8679921383154817045, guid: b97b21912fd41af42b33d7040cac23ba, type: 3}
      propertyPath: m_LocalRotation.x
      value: -0
      objectReference: {fileID: 0}
    - target: {fileID: -8679921383154817045, guid: b97b21912fd41af42b33d7040cac23ba, type: 3}
      propertyPath: m_LocalRotation.y
      value: -0
      objectReference: {fileID: 0}
    - target: {fileID: -8679921383154817045, guid: b97b21912fd41af42b33d7040cac23ba, type: 3}
      propertyPath: m_LocalRotation.z
      value: -0
      objectReference: {fileID: 0}
    - target: {fileID: -8679921383154817045, guid: b97b21912fd41af42b33d7040cac23ba, type: 3}
      propertyPath: m_LocalEulerAnglesHint.x
      value: 0
      objectReference: {fileID: 0}
    - target: {fileID: -8679921383154817045, guid: b97b21912fd41af42b33d7040cac23ba, type: 3}
      propertyPath: m_LocalEulerAnglesHint.y
      value: 0
      objectReference: {fileID: 0}
    - target: {fileID: -8679921383154817045, guid: b97b21912fd41af42b33d7040cac23ba, type: 3}
      propertyPath: m_LocalEulerAnglesHint.z
      value: 0
      objectReference: {fileID: 0}
    - target: {fileID: 919132149155446097, guid: b97b21912fd41af42b33d7040cac23ba, type: 3}
      propertyPath: m_Name
      value: Hortensias
      objectReference: {fileID: 0}
    m_RemovedComponents: []
  m_SourcePrefab: {fileID: 100100000, guid: b97b21912fd41af42b33d7040cac23ba, type: 3}
--- !u!4 &4260464129815470188 stripped
Transform:
  m_CorrespondingSourceObject: {fileID: -8679921383154817045, guid: b97b21912fd41af42b33d7040cac23ba, type: 3}
  m_PrefabInstance: {fileID: 4371461354583525255}
  m_PrefabAsset: {fileID: 0}
--- !u!1001 &4961902487943053290
PrefabInstance:
  m_ObjectHideFlags: 0
  serializedVersion: 2
  m_Modification:
    m_TransformParent: {fileID: 4260464129815470188}
    m_Modifications:
    - target: {fileID: -8679921383154817045, guid: b97b21912fd41af42b33d7040cac23ba, type: 3}
      propertyPath: m_RootOrder
      value: 1
      objectReference: {fileID: 0}
    - target: {fileID: -8679921383154817045, guid: b97b21912fd41af42b33d7040cac23ba, type: 3}
      propertyPath: m_LocalScale.x
      value: -1.3033235
      objectReference: {fileID: 0}
    - target: {fileID: -8679921383154817045, guid: b97b21912fd41af42b33d7040cac23ba, type: 3}
      propertyPath: m_LocalScale.y
      value: 1.3033233
      objectReference: {fileID: 0}
    - target: {fileID: -8679921383154817045, guid: b97b21912fd41af42b33d7040cac23ba, type: 3}
      propertyPath: m_LocalScale.z
      value: 1.3033234
      objectReference: {fileID: 0}
    - target: {fileID: -8679921383154817045, guid: b97b21912fd41af42b33d7040cac23ba, type: 3}
      propertyPath: m_LocalPosition.x
      value: 0
      objectReference: {fileID: 0}
    - target: {fileID: -8679921383154817045, guid: b97b21912fd41af42b33d7040cac23ba, type: 3}
      propertyPath: m_LocalPosition.y
      value: -0.0130548
      objectReference: {fileID: 0}
    - target: {fileID: -8679921383154817045, guid: b97b21912fd41af42b33d7040cac23ba, type: 3}
      propertyPath: m_LocalPosition.z
      value: 0
      objectReference: {fileID: 0}
    - target: {fileID: -8679921383154817045, guid: b97b21912fd41af42b33d7040cac23ba, type: 3}
      propertyPath: m_LocalRotation.w
      value: 0.56154007
      objectReference: {fileID: 0}
    - target: {fileID: -8679921383154817045, guid: b97b21912fd41af42b33d7040cac23ba, type: 3}
      propertyPath: m_LocalRotation.x
      value: -0
      objectReference: {fileID: 0}
    - target: {fileID: -8679921383154817045, guid: b97b21912fd41af42b33d7040cac23ba, type: 3}
      propertyPath: m_LocalRotation.y
      value: -0.8274496
      objectReference: {fileID: 0}
    - target: {fileID: -8679921383154817045, guid: b97b21912fd41af42b33d7040cac23ba, type: 3}
      propertyPath: m_LocalRotation.z
      value: -0
      objectReference: {fileID: 0}
    - target: {fileID: -8679921383154817045, guid: b97b21912fd41af42b33d7040cac23ba, type: 3}
      propertyPath: m_LocalEulerAnglesHint.x
      value: 0
      objectReference: {fileID: 0}
    - target: {fileID: -8679921383154817045, guid: b97b21912fd41af42b33d7040cac23ba, type: 3}
      propertyPath: m_LocalEulerAnglesHint.y
      value: -111.675
      objectReference: {fileID: 0}
    - target: {fileID: -8679921383154817045, guid: b97b21912fd41af42b33d7040cac23ba, type: 3}
      propertyPath: m_LocalEulerAnglesHint.z
      value: 0
      objectReference: {fileID: 0}
    - target: {fileID: 919132149155446097, guid: b97b21912fd41af42b33d7040cac23ba, type: 3}
      propertyPath: m_Name
      value: Hortensias (2)
      objectReference: {fileID: 0}
    m_RemovedComponents: []
  m_SourcePrefab: {fileID: 100100000, guid: b97b21912fd41af42b33d7040cac23ba, type: 3}
--- !u!1001 &4979556017973062258
PrefabInstance:
  m_ObjectHideFlags: 0
  serializedVersion: 2
  m_Modification:
    m_TransformParent: {fileID: 2771756176265369381}
    m_Modifications:
    - target: {fileID: -8679921383154817045, guid: b97b21912fd41af42b33d7040cac23ba, type: 3}
      propertyPath: m_RootOrder
      value: 4
      objectReference: {fileID: 0}
    - target: {fileID: -8679921383154817045, guid: b97b21912fd41af42b33d7040cac23ba, type: 3}
      propertyPath: m_LocalScale.x
      value: 1.1293981
      objectReference: {fileID: 0}
    - target: {fileID: -8679921383154817045, guid: b97b21912fd41af42b33d7040cac23ba, type: 3}
      propertyPath: m_LocalScale.y
      value: 1.1697174
      objectReference: {fileID: 0}
    - target: {fileID: -8679921383154817045, guid: b97b21912fd41af42b33d7040cac23ba, type: 3}
      propertyPath: m_LocalScale.z
      value: 1.1293981
      objectReference: {fileID: 0}
    - target: {fileID: -8679921383154817045, guid: b97b21912fd41af42b33d7040cac23ba, type: 3}
      propertyPath: m_LocalPosition.x
      value: 0.457
      objectReference: {fileID: 0}
    - target: {fileID: -8679921383154817045, guid: b97b21912fd41af42b33d7040cac23ba, type: 3}
      propertyPath: m_LocalPosition.y
      value: 0.2989998
      objectReference: {fileID: 0}
    - target: {fileID: -8679921383154817045, guid: b97b21912fd41af42b33d7040cac23ba, type: 3}
      propertyPath: m_LocalPosition.z
      value: 0.29999924
      objectReference: {fileID: 0}
    - target: {fileID: -8679921383154817045, guid: b97b21912fd41af42b33d7040cac23ba, type: 3}
      propertyPath: m_LocalRotation.w
      value: 0.9900939
      objectReference: {fileID: 0}
    - target: {fileID: -8679921383154817045, guid: b97b21912fd41af42b33d7040cac23ba, type: 3}
      propertyPath: m_LocalRotation.x
      value: 0.054550007
      objectReference: {fileID: 0}
    - target: {fileID: -8679921383154817045, guid: b97b21912fd41af42b33d7040cac23ba, type: 3}
      propertyPath: m_LocalRotation.y
      value: -0.045877792
      objectReference: {fileID: 0}
    - target: {fileID: -8679921383154817045, guid: b97b21912fd41af42b33d7040cac23ba, type: 3}
      propertyPath: m_LocalRotation.z
      value: -0.12096964
      objectReference: {fileID: 0}
    - target: {fileID: -8679921383154817045, guid: b97b21912fd41af42b33d7040cac23ba, type: 3}
      propertyPath: m_LocalEulerAnglesHint.x
      value: 5.562
      objectReference: {fileID: 0}
    - target: {fileID: -8679921383154817045, guid: b97b21912fd41af42b33d7040cac23ba, type: 3}
      propertyPath: m_LocalEulerAnglesHint.y
      value: -6
      objectReference: {fileID: 0}
    - target: {fileID: -8679921383154817045, guid: b97b21912fd41af42b33d7040cac23ba, type: 3}
      propertyPath: m_LocalEulerAnglesHint.z
      value: -14.223
      objectReference: {fileID: 0}
    - target: {fileID: 919132149155446097, guid: b97b21912fd41af42b33d7040cac23ba, type: 3}
      propertyPath: m_Name
      value: Hortensias (2)
      objectReference: {fileID: 0}
    m_RemovedComponents: []
  m_SourcePrefab: {fileID: 100100000, guid: b97b21912fd41af42b33d7040cac23ba, type: 3}
--- !u!4 &4796428907279289753 stripped
Transform:
  m_CorrespondingSourceObject: {fileID: -8679921383154817045, guid: b97b21912fd41af42b33d7040cac23ba, type: 3}
  m_PrefabInstance: {fileID: 4979556017973062258}
  m_PrefabAsset: {fileID: 0}
--- !u!1001 &5508713302297241859
PrefabInstance:
  m_ObjectHideFlags: 0
  serializedVersion: 2
  m_Modification:
    m_TransformParent: {fileID: 9069629760118306223}
    m_Modifications:
    - target: {fileID: -8679921383154817045, guid: b97b21912fd41af42b33d7040cac23ba, type: 3}
      propertyPath: m_RootOrder
      value: 0
      objectReference: {fileID: 0}
    - target: {fileID: -8679921383154817045, guid: b97b21912fd41af42b33d7040cac23ba, type: 3}
      propertyPath: m_LocalScale.x
      value: 1.0999
      objectReference: {fileID: 0}
    - target: {fileID: -8679921383154817045, guid: b97b21912fd41af42b33d7040cac23ba, type: 3}
      propertyPath: m_LocalScale.y
      value: 1.0999
      objectReference: {fileID: 0}
    - target: {fileID: -8679921383154817045, guid: b97b21912fd41af42b33d7040cac23ba, type: 3}
      propertyPath: m_LocalScale.z
      value: 1.0999
      objectReference: {fileID: 0}
    - target: {fileID: -8679921383154817045, guid: b97b21912fd41af42b33d7040cac23ba, type: 3}
      propertyPath: m_LocalPosition.x
      value: 0
      objectReference: {fileID: 0}
    - target: {fileID: -8679921383154817045, guid: b97b21912fd41af42b33d7040cac23ba, type: 3}
      propertyPath: m_LocalPosition.y
      value: 0.016894544
      objectReference: {fileID: 0}
    - target: {fileID: -8679921383154817045, guid: b97b21912fd41af42b33d7040cac23ba, type: 3}
      propertyPath: m_LocalPosition.z
      value: 0
      objectReference: {fileID: 0}
    - target: {fileID: -8679921383154817045, guid: b97b21912fd41af42b33d7040cac23ba, type: 3}
      propertyPath: m_LocalRotation.w
      value: 0.56154007
      objectReference: {fileID: 0}
    - target: {fileID: -8679921383154817045, guid: b97b21912fd41af42b33d7040cac23ba, type: 3}
      propertyPath: m_LocalRotation.x
      value: -0
      objectReference: {fileID: 0}
    - target: {fileID: -8679921383154817045, guid: b97b21912fd41af42b33d7040cac23ba, type: 3}
      propertyPath: m_LocalRotation.y
      value: -0.8274496
      objectReference: {fileID: 0}
    - target: {fileID: -8679921383154817045, guid: b97b21912fd41af42b33d7040cac23ba, type: 3}
      propertyPath: m_LocalRotation.z
      value: -0
      objectReference: {fileID: 0}
    - target: {fileID: -8679921383154817045, guid: b97b21912fd41af42b33d7040cac23ba, type: 3}
      propertyPath: m_LocalEulerAnglesHint.x
      value: 0
      objectReference: {fileID: 0}
    - target: {fileID: -8679921383154817045, guid: b97b21912fd41af42b33d7040cac23ba, type: 3}
      propertyPath: m_LocalEulerAnglesHint.y
      value: -111.675
      objectReference: {fileID: 0}
    - target: {fileID: -8679921383154817045, guid: b97b21912fd41af42b33d7040cac23ba, type: 3}
      propertyPath: m_LocalEulerAnglesHint.z
      value: 0
      objectReference: {fileID: 0}
    - target: {fileID: 919132149155446097, guid: b97b21912fd41af42b33d7040cac23ba, type: 3}
      propertyPath: m_Name
      value: Hortensias (1)
      objectReference: {fileID: 0}
    m_RemovedComponents: []
  m_SourcePrefab: {fileID: 100100000, guid: b97b21912fd41af42b33d7040cac23ba, type: 3}
--- !u!1001 &6473212160660896440
PrefabInstance:
  m_ObjectHideFlags: 0
  serializedVersion: 2
  m_Modification:
    m_TransformParent: {fileID: 4260464129815470188}
    m_Modifications:
    - target: {fileID: -8679921383154817045, guid: b97b21912fd41af42b33d7040cac23ba, type: 3}
      propertyPath: m_RootOrder
      value: 2
      objectReference: {fileID: 0}
    - target: {fileID: -8679921383154817045, guid: b97b21912fd41af42b33d7040cac23ba, type: 3}
      propertyPath: m_LocalScale.x
      value: 0.80841005
      objectReference: {fileID: 0}
    - target: {fileID: -8679921383154817045, guid: b97b21912fd41af42b33d7040cac23ba, type: 3}
      propertyPath: m_LocalScale.y
      value: 0.80841005
      objectReference: {fileID: 0}
    - target: {fileID: -8679921383154817045, guid: b97b21912fd41af42b33d7040cac23ba, type: 3}
      propertyPath: m_LocalScale.z
      value: 0.80841005
      objectReference: {fileID: 0}
    - target: {fileID: -8679921383154817045, guid: b97b21912fd41af42b33d7040cac23ba, type: 3}
      propertyPath: m_LocalPosition.x
      value: 0
      objectReference: {fileID: 0}
    - target: {fileID: -8679921383154817045, guid: b97b21912fd41af42b33d7040cac23ba, type: 3}
      propertyPath: m_LocalPosition.y
      value: 0.093687594
      objectReference: {fileID: 0}
    - target: {fileID: -8679921383154817045, guid: b97b21912fd41af42b33d7040cac23ba, type: 3}
      propertyPath: m_LocalPosition.z
      value: 0
      objectReference: {fileID: 0}
    - target: {fileID: -8679921383154817045, guid: b97b21912fd41af42b33d7040cac23ba, type: 3}
      propertyPath: m_LocalRotation.w
      value: 0.0000029504295
      objectReference: {fileID: 0}
    - target: {fileID: -8679921383154817045, guid: b97b21912fd41af42b33d7040cac23ba, type: 3}
      propertyPath: m_LocalRotation.x
      value: -1
      objectReference: {fileID: 0}
    - target: {fileID: -8679921383154817045, guid: b97b21912fd41af42b33d7040cac23ba, type: 3}
      propertyPath: m_LocalRotation.y
      value: -0
      objectReference: {fileID: 0}
    - target: {fileID: -8679921383154817045, guid: b97b21912fd41af42b33d7040cac23ba, type: 3}
      propertyPath: m_LocalRotation.z
      value: -0
      objectReference: {fileID: 0}
    - target: {fileID: -8679921383154817045, guid: b97b21912fd41af42b33d7040cac23ba, type: 3}
      propertyPath: m_LocalEulerAnglesHint.x
      value: -180
      objectReference: {fileID: 0}
    - target: {fileID: -8679921383154817045, guid: b97b21912fd41af42b33d7040cac23ba, type: 3}
      propertyPath: m_LocalEulerAnglesHint.y
      value: 0
      objectReference: {fileID: 0}
    - target: {fileID: -8679921383154817045, guid: b97b21912fd41af42b33d7040cac23ba, type: 3}
      propertyPath: m_LocalEulerAnglesHint.z
      value: 0
      objectReference: {fileID: 0}
    - target: {fileID: 919132149155446097, guid: b97b21912fd41af42b33d7040cac23ba, type: 3}
      propertyPath: m_Name
      value: Hortensias (3)
      objectReference: {fileID: 0}
    m_RemovedComponents: []
  m_SourcePrefab: {fileID: 100100000, guid: b97b21912fd41af42b33d7040cac23ba, type: 3}
--- !u!1001 &7089428712030238180
PrefabInstance:
  m_ObjectHideFlags: 0
  serializedVersion: 2
  m_Modification:
    m_TransformParent: {fileID: 9069629760118306223}
    m_Modifications:
    - target: {fileID: -8679921383154817045, guid: b97b21912fd41af42b33d7040cac23ba, type: 3}
      propertyPath: m_RootOrder
      value: 2
      objectReference: {fileID: 0}
    - target: {fileID: -8679921383154817045, guid: b97b21912fd41af42b33d7040cac23ba, type: 3}
      propertyPath: m_LocalScale.x
      value: 1.0285401
      objectReference: {fileID: 0}
    - target: {fileID: -8679921383154817045, guid: b97b21912fd41af42b33d7040cac23ba, type: 3}
      propertyPath: m_LocalScale.y
      value: 1.0285401
      objectReference: {fileID: 0}
    - target: {fileID: -8679921383154817045, guid: b97b21912fd41af42b33d7040cac23ba, type: 3}
      propertyPath: m_LocalScale.z
      value: 1.0285401
      objectReference: {fileID: 0}
    - target: {fileID: -8679921383154817045, guid: b97b21912fd41af42b33d7040cac23ba, type: 3}
      propertyPath: m_LocalPosition.x
      value: -0.002
      objectReference: {fileID: 0}
    - target: {fileID: -8679921383154817045, guid: b97b21912fd41af42b33d7040cac23ba, type: 3}
      propertyPath: m_LocalPosition.y
      value: 0.048
      objectReference: {fileID: 0}
    - target: {fileID: -8679921383154817045, guid: b97b21912fd41af42b33d7040cac23ba, type: 3}
      propertyPath: m_LocalPosition.z
      value: -0.013
      objectReference: {fileID: 0}
    - target: {fileID: -8679921383154817045, guid: b97b21912fd41af42b33d7040cac23ba, type: 3}
      propertyPath: m_LocalRotation.w
      value: 0.0000029504295
      objectReference: {fileID: 0}
    - target: {fileID: -8679921383154817045, guid: b97b21912fd41af42b33d7040cac23ba, type: 3}
      propertyPath: m_LocalRotation.x
      value: -1
      objectReference: {fileID: 0}
    - target: {fileID: -8679921383154817045, guid: b97b21912fd41af42b33d7040cac23ba, type: 3}
      propertyPath: m_LocalRotation.y
      value: -0
      objectReference: {fileID: 0}
    - target: {fileID: -8679921383154817045, guid: b97b21912fd41af42b33d7040cac23ba, type: 3}
      propertyPath: m_LocalRotation.z
      value: -0
      objectReference: {fileID: 0}
    - target: {fileID: -8679921383154817045, guid: b97b21912fd41af42b33d7040cac23ba, type: 3}
      propertyPath: m_LocalEulerAnglesHint.x
      value: -180
      objectReference: {fileID: 0}
    - target: {fileID: -8679921383154817045, guid: b97b21912fd41af42b33d7040cac23ba, type: 3}
      propertyPath: m_LocalEulerAnglesHint.y
      value: 0
      objectReference: {fileID: 0}
    - target: {fileID: -8679921383154817045, guid: b97b21912fd41af42b33d7040cac23ba, type: 3}
      propertyPath: m_LocalEulerAnglesHint.z
      value: 0
      objectReference: {fileID: 0}
    - target: {fileID: 919132149155446097, guid: b97b21912fd41af42b33d7040cac23ba, type: 3}
      propertyPath: m_Name
      value: Hortensias (3)
      objectReference: {fileID: 0}
    m_RemovedComponents: []
  m_SourcePrefab: {fileID: 100100000, guid: b97b21912fd41af42b33d7040cac23ba, type: 3}
--- !u!1001 &7811216139993531074
PrefabInstance:
  m_ObjectHideFlags: 0
  serializedVersion: 2
  m_Modification:
    m_TransformParent: {fileID: 2755946017690901485}
    m_Modifications:
    - target: {fileID: -8679921383154817045, guid: b97b21912fd41af42b33d7040cac23ba, type: 3}
      propertyPath: m_RootOrder
      value: 0
      objectReference: {fileID: 0}
    - target: {fileID: -8679921383154817045, guid: b97b21912fd41af42b33d7040cac23ba, type: 3}
      propertyPath: m_LocalScale.x
      value: 1.0999
      objectReference: {fileID: 0}
    - target: {fileID: -8679921383154817045, guid: b97b21912fd41af42b33d7040cac23ba, type: 3}
      propertyPath: m_LocalScale.y
      value: 1.0999
      objectReference: {fileID: 0}
    - target: {fileID: -8679921383154817045, guid: b97b21912fd41af42b33d7040cac23ba, type: 3}
      propertyPath: m_LocalScale.z
      value: 1.0999
      objectReference: {fileID: 0}
    - target: {fileID: -8679921383154817045, guid: b97b21912fd41af42b33d7040cac23ba, type: 3}
      propertyPath: m_LocalPosition.x
      value: 0
      objectReference: {fileID: 0}
    - target: {fileID: -8679921383154817045, guid: b97b21912fd41af42b33d7040cac23ba, type: 3}
      propertyPath: m_LocalPosition.y
      value: 0.016894544
      objectReference: {fileID: 0}
    - target: {fileID: -8679921383154817045, guid: b97b21912fd41af42b33d7040cac23ba, type: 3}
      propertyPath: m_LocalPosition.z
      value: 0
      objectReference: {fileID: 0}
    - target: {fileID: -8679921383154817045, guid: b97b21912fd41af42b33d7040cac23ba, type: 3}
      propertyPath: m_LocalRotation.w
      value: 0.56154007
      objectReference: {fileID: 0}
    - target: {fileID: -8679921383154817045, guid: b97b21912fd41af42b33d7040cac23ba, type: 3}
      propertyPath: m_LocalRotation.x
      value: -0
      objectReference: {fileID: 0}
    - target: {fileID: -8679921383154817045, guid: b97b21912fd41af42b33d7040cac23ba, type: 3}
      propertyPath: m_LocalRotation.y
      value: -0.8274496
      objectReference: {fileID: 0}
    - target: {fileID: -8679921383154817045, guid: b97b21912fd41af42b33d7040cac23ba, type: 3}
      propertyPath: m_LocalRotation.z
      value: -0
      objectReference: {fileID: 0}
    - target: {fileID: -8679921383154817045, guid: b97b21912fd41af42b33d7040cac23ba, type: 3}
      propertyPath: m_LocalEulerAnglesHint.x
      value: 0
      objectReference: {fileID: 0}
    - target: {fileID: -8679921383154817045, guid: b97b21912fd41af42b33d7040cac23ba, type: 3}
      propertyPath: m_LocalEulerAnglesHint.y
      value: -111.675
      objectReference: {fileID: 0}
    - target: {fileID: -8679921383154817045, guid: b97b21912fd41af42b33d7040cac23ba, type: 3}
      propertyPath: m_LocalEulerAnglesHint.z
      value: 0
      objectReference: {fileID: 0}
    - target: {fileID: 919132149155446097, guid: b97b21912fd41af42b33d7040cac23ba, type: 3}
      propertyPath: m_Name
      value: Hortensias (1)
      objectReference: {fileID: 0}
    m_RemovedComponents: []
  m_SourcePrefab: {fileID: 100100000, guid: b97b21912fd41af42b33d7040cac23ba, type: 3}
--- !u!1001 &8571916123687963679
PrefabInstance:
  m_ObjectHideFlags: 0
  serializedVersion: 2
  m_Modification:
    m_TransformParent: {fileID: 4260464129815470188}
    m_Modifications:
    - target: {fileID: -8679921383154817045, guid: b97b21912fd41af42b33d7040cac23ba, type: 3}
      propertyPath: m_RootOrder
      value: 0
      objectReference: {fileID: 0}
    - target: {fileID: -8679921383154817045, guid: b97b21912fd41af42b33d7040cac23ba, type: 3}
      propertyPath: m_LocalScale.x
      value: 1.0999
      objectReference: {fileID: 0}
    - target: {fileID: -8679921383154817045, guid: b97b21912fd41af42b33d7040cac23ba, type: 3}
      propertyPath: m_LocalScale.y
      value: 1.0999
      objectReference: {fileID: 0}
    - target: {fileID: -8679921383154817045, guid: b97b21912fd41af42b33d7040cac23ba, type: 3}
      propertyPath: m_LocalScale.z
      value: 1.0999
      objectReference: {fileID: 0}
    - target: {fileID: -8679921383154817045, guid: b97b21912fd41af42b33d7040cac23ba, type: 3}
      propertyPath: m_LocalPosition.x
      value: 0
      objectReference: {fileID: 0}
    - target: {fileID: -8679921383154817045, guid: b97b21912fd41af42b33d7040cac23ba, type: 3}
      propertyPath: m_LocalPosition.y
      value: 0.016894544
      objectReference: {fileID: 0}
    - target: {fileID: -8679921383154817045, guid: b97b21912fd41af42b33d7040cac23ba, type: 3}
      propertyPath: m_LocalPosition.z
      value: 0
      objectReference: {fileID: 0}
    - target: {fileID: -8679921383154817045, guid: b97b21912fd41af42b33d7040cac23ba, type: 3}
      propertyPath: m_LocalRotation.w
      value: 0.56154007
      objectReference: {fileID: 0}
    - target: {fileID: -8679921383154817045, guid: b97b21912fd41af42b33d7040cac23ba, type: 3}
      propertyPath: m_LocalRotation.x
      value: -0
      objectReference: {fileID: 0}
    - target: {fileID: -8679921383154817045, guid: b97b21912fd41af42b33d7040cac23ba, type: 3}
      propertyPath: m_LocalRotation.y
      value: -0.8274496
      objectReference: {fileID: 0}
    - target: {fileID: -8679921383154817045, guid: b97b21912fd41af42b33d7040cac23ba, type: 3}
      propertyPath: m_LocalRotation.z
      value: -0
      objectReference: {fileID: 0}
    - target: {fileID: -8679921383154817045, guid: b97b21912fd41af42b33d7040cac23ba, type: 3}
      propertyPath: m_LocalEulerAnglesHint.x
      value: 0
      objectReference: {fileID: 0}
    - target: {fileID: -8679921383154817045, guid: b97b21912fd41af42b33d7040cac23ba, type: 3}
      propertyPath: m_LocalEulerAnglesHint.y
      value: -111.675
      objectReference: {fileID: 0}
    - target: {fileID: -8679921383154817045, guid: b97b21912fd41af42b33d7040cac23ba, type: 3}
      propertyPath: m_LocalEulerAnglesHint.z
      value: 0
      objectReference: {fileID: 0}
    - target: {fileID: 919132149155446097, guid: b97b21912fd41af42b33d7040cac23ba, type: 3}
      propertyPath: m_Name
      value: Hortensias (1)
      objectReference: {fileID: 0}
    m_RemovedComponents: []
  m_SourcePrefab: {fileID: 100100000, guid: b97b21912fd41af42b33d7040cac23ba, type: 3}
--- !u!1001 &8815643763781456452
PrefabInstance:
  m_ObjectHideFlags: 0
  serializedVersion: 2
  m_Modification:
    m_TransformParent: {fileID: 2771756176265369381}
    m_Modifications:
    - target: {fileID: -8679921383154817045, guid: b97b21912fd41af42b33d7040cac23ba, type: 3}
      propertyPath: m_RootOrder
      value: 3
      objectReference: {fileID: 0}
    - target: {fileID: -8679921383154817045, guid: b97b21912fd41af42b33d7040cac23ba, type: 3}
      propertyPath: m_LocalScale.x
      value: 1.5562592
      objectReference: {fileID: 0}
    - target: {fileID: -8679921383154817045, guid: b97b21912fd41af42b33d7040cac23ba, type: 3}
      propertyPath: m_LocalScale.y
      value: 1.5562592
      objectReference: {fileID: 0}
    - target: {fileID: -8679921383154817045, guid: b97b21912fd41af42b33d7040cac23ba, type: 3}
      propertyPath: m_LocalScale.z
      value: 1.5638393
      objectReference: {fileID: 0}
    - target: {fileID: -8679921383154817045, guid: b97b21912fd41af42b33d7040cac23ba, type: 3}
      propertyPath: m_LocalPosition.x
      value: 0.356
      objectReference: {fileID: 0}
    - target: {fileID: -8679921383154817045, guid: b97b21912fd41af42b33d7040cac23ba, type: 3}
      propertyPath: m_LocalPosition.y
      value: 0.38700008
      objectReference: {fileID: 0}
    - target: {fileID: -8679921383154817045, guid: b97b21912fd41af42b33d7040cac23ba, type: 3}
      propertyPath: m_LocalPosition.z
      value: -0.32999992
      objectReference: {fileID: 0}
    - target: {fileID: -8679921383154817045, guid: b97b21912fd41af42b33d7040cac23ba, type: 3}
      propertyPath: m_LocalRotation.w
      value: 0.987051
      objectReference: {fileID: 0}
    - target: {fileID: -8679921383154817045, guid: b97b21912fd41af42b33d7040cac23ba, type: 3}
      propertyPath: m_LocalRotation.x
      value: -0.15538627
      objectReference: {fileID: 0}
    - target: {fileID: -8679921383154817045, guid: b97b21912fd41af42b33d7040cac23ba, type: 3}
      propertyPath: m_LocalRotation.y
      value: 0.029291384
      objectReference: {fileID: 0}
    - target: {fileID: -8679921383154817045, guid: b97b21912fd41af42b33d7040cac23ba, type: 3}
      propertyPath: m_LocalRotation.z
      value: 0.026970658
      objectReference: {fileID: 0}
    - target: {fileID: -8679921383154817045, guid: b97b21912fd41af42b33d7040cac23ba, type: 3}
      propertyPath: m_LocalEulerAnglesHint.x
      value: -17.959
      objectReference: {fileID: 0}
    - target: {fileID: -8679921383154817045, guid: b97b21912fd41af42b33d7040cac23ba, type: 3}
      propertyPath: m_LocalEulerAnglesHint.y
      value: 2.979
      objectReference: {fileID: 0}
    - target: {fileID: -8679921383154817045, guid: b97b21912fd41af42b33d7040cac23ba, type: 3}
      propertyPath: m_LocalEulerAnglesHint.z
      value: 2.66
      objectReference: {fileID: 0}
    - target: {fileID: 919132149155446097, guid: b97b21912fd41af42b33d7040cac23ba, type: 3}
      propertyPath: m_Name
      value: Hortensias (1)
      objectReference: {fileID: 0}
    m_RemovedComponents: []
  m_SourcePrefab: {fileID: 100100000, guid: b97b21912fd41af42b33d7040cac23ba, type: 3}
--- !u!4 &9069629760118306223 stripped
Transform:
  m_CorrespondingSourceObject: {fileID: -8679921383154817045, guid: b97b21912fd41af42b33d7040cac23ba, type: 3}
  m_PrefabInstance: {fileID: 8815643763781456452}
  m_PrefabAsset: {fileID: 0}
