%YAML 1.1
%TAG !u! tag:unity3d.com,2011:
--- !u!114 &-8944350654782436272
MonoBehaviour:
  m_ObjectHideFlags: 3
  m_CorrespondingSourceObject: {fileID: 0}
  m_PrefabInstance: {fileID: 0}
  m_PrefabAsset: {fileID: 0}
  m_GameObject: {fileID: 0}
  m_Enabled: 1
  m_EditorHideFlags: 0
  m_Script: {fileID: 11500000, guid: 9223a6c5bca815e4e9ea2efde9a217ca, type: 3}
  m_Name: RainOnScreenVolume
  m_EditorClassIdentifier: 
  active: 1
  m_AdvancedMode: 0
  rainTexture:
    m_OverrideState: 1
    m_Value: {fileID: 8600000, guid: f607953dc473c0f42b0302b8deb072db, type: 2}
  refraction:
    m_OverrideState: 1
    m_Value: 6
    min: 0
    max: 10
--- !u!114 &-8421789918554283759
MonoBehaviour:
  m_ObjectHideFlags: 3
  m_CorrespondingSourceObject: {fileID: 0}
  m_PrefabInstance: {fileID: 0}
  m_PrefabAsset: {fileID: 0}
  m_GameObject: {fileID: 0}
  m_Enabled: 1
  m_EditorHideFlags: 0
  m_Script: {fileID: 11500000, guid: 2c1be1b6c95cd2e41b27903b9270817f, type: 3}
  m_Name: Vignette
  m_EditorClassIdentifier: 
  active: 1
  m_AdvancedMode: 0
  mode:
    m_OverrideState: 1
    m_Value: 0
  color:
    m_OverrideState: 0
    m_Value: {r: 0, g: 0, b: 0, a: 1}
    hdr: 0
    showAlpha: 0
    showEyeDropper: 1
  center:
    m_OverrideState: 0
    m_Value: {x: 0.5, y: 0.5}
  intensity:
    m_OverrideState: 1
    m_Value: 0.2
    min: 0
    max: 1
  smoothness:
    m_OverrideState: 1
    m_Value: 0.1
    min: 0.01
    max: 1
  roundness:
    m_OverrideState: 1
    m_Value: 1
    min: 0
    max: 1
  rounded:
    m_OverrideState: 0
    m_Value: 0
  mask:
    m_OverrideState: 0
    m_Value: {fileID: 0}
  opacity:
    m_OverrideState: 0
    m_Value: 1
    min: 0
    max: 1
--- !u!114 &-4151792930034644520
MonoBehaviour:
  m_ObjectHideFlags: 3
  m_CorrespondingSourceObject: {fileID: 0}
  m_PrefabInstance: {fileID: 0}
  m_PrefabAsset: {fileID: 0}
  m_GameObject: {fileID: 0}
  m_Enabled: 1
  m_EditorHideFlags: 0
  m_Script: {fileID: 11500000, guid: 953beb541740ddc499d005ee80c9ff29, type: 3}
  m_Name: 
  m_EditorClassIdentifier: 
  active: 1
  m_AdvancedMode: 0
  quality:
    m_OverrideState: 1
    m_Value: 1
  enabled:
    m_OverrideState: 1
    m_Value: 1
  colorMode:
    m_OverrideState: 1
    m_Value: 1
  color:
    m_OverrideState: 1
    m_Value: {r: 401.56863, g: 405.58432, b: 766.9961, a: 1}
    hdr: 1
    showAlpha: 0
    showEyeDropper: 1
  tint:
    m_OverrideState: 1
    m_Value: {r: 1.2980342, g: 2.9339128, b: 3.3962264, a: 1}
    hdr: 1
    showAlpha: 0
    showEyeDropper: 1
  maxFogDistance:
    m_OverrideState: 1
    m_Value: 300
    min: 0
  mipFogMaxMip:
    m_OverrideState: 0
    m_Value: 0.5
    min: 0
    max: 1
  mipFogNear:
    m_OverrideState: 0
    m_Value: 0
    min: 0
  mipFogFar:
    m_OverrideState: 0
    m_Value: 1000
    min: 0
  baseHeight:
    m_OverrideState: 1
    m_Value: 0
  maximumHeight:
    m_OverrideState: 1
    m_Value: 249.8791
  meanFreePath:
    m_OverrideState: 1
    m_Value: 115
    min: 1
  enableVolumetricFog:
    m_OverrideState: 1
    m_Value: 1
  albedo:
    m_OverrideState: 0
    m_Value: {r: 1, g: 1, b: 1, a: 1}
    hdr: 0
    showAlpha: 1
    showEyeDropper: 1
  globalLightProbeDimmer:
    m_OverrideState: 1
    m_Value: 1
    min: 0
    max: 1
  depthExtent:
    m_OverrideState: 1
    m_Value: 1000
    min: 0.1
  denoisingMode:
    m_OverrideState: 1
    m_Value: 2
  anisotropy:
    m_OverrideState: 1
    m_Value: 0.65
    min: -1
    max: 1
  sliceDistributionUniformity:
    m_OverrideState: 0
    m_Value: 0.75
    min: 0
    max: 1
  m_FogControlMode:
    m_OverrideState: 1
    m_Value: 0
  screenResolutionPercentage:
    m_OverrideState: 0
    m_Value: 12.5
    min: 6.25
    max: 100
  volumeSliceCount:
    m_OverrideState: 0
    m_Value: 64
    min: 1
    max: 1024
  m_VolumetricFogBudget:
    m_OverrideState: 1
    m_Value: 0.33
    min: 0
    max: 1
  m_ResolutionDepthRatio:
    m_OverrideState: 1
    m_Value: 0.666
    min: 0
    max: 1
  directionalLightsOnly:
    m_OverrideState: 0
    m_Value: 0
--- !u!114 &-3837720124736118964
MonoBehaviour:
  m_ObjectHideFlags: 3
  m_CorrespondingSourceObject: {fileID: 0}
  m_PrefabInstance: {fileID: 0}
  m_PrefabAsset: {fileID: 0}
  m_GameObject: {fileID: 0}
  m_Enabled: 1
  m_EditorHideFlags: 0
  m_Script: {fileID: 11500000, guid: 9008a067f4d626c4d8bc4bc48f04bb89, type: 3}
  m_Name: AmbientOcclusion
  m_EditorClassIdentifier: 
  active: 1
  m_AdvancedMode: 0
  quality:
    m_OverrideState: 1
    m_Value: 3
  rayTracing:
    m_OverrideState: 0
    m_Value: 0
  intensity:
    m_OverrideState: 1
    m_Value: 2.21
    min: 0
    max: 4
  directLightingStrength:
    m_OverrideState: 1
    m_Value: 0.575
    min: 0
    max: 1
  radius:
    m_OverrideState: 1
    m_Value: 2.59
    min: 0.25
    max: 5
  spatialBilateralAggressiveness:
    m_OverrideState: 0
    m_Value: 0.032
    min: 0
    max: 1
  temporalAccumulation:
    m_OverrideState: 0
    m_Value: 1
  ghostingReduction:
    m_OverrideState: 0
    m_Value: 0.748
    min: 0
    max: 1
  blurSharpness:
    m_OverrideState: 0
    m_Value: 0.1
    min: 0
    max: 1
  layerMask:
    m_OverrideState: 0
    m_Value:
      serializedVersion: 2
      m_Bits: 4294967295
  m_StepCount:
    m_OverrideState: 1
    m_Value: 6
    min: 2
    max: 32
  m_FullResolution:
    m_OverrideState: 1
    m_Value: 0
  m_MaximumRadiusInPixels:
    m_OverrideState: 1
    m_Value: 40
    min: 16
    max: 256
  m_BilateralUpsample:
    m_OverrideState: 1
    m_Value: 1
  m_DirectionCount:
    m_OverrideState: 1
    m_Value: 2
    min: 1
    max: 6
  m_RayLength:
    m_OverrideState: 1
    m_Value: 3
    min: 0.01
  m_SampleCount:
    m_OverrideState: 1
    m_Value: 2
    min: 1
    max: 64
  m_Denoise:
    m_OverrideState: 1
    m_Value: 1
  m_DenoiserRadius:
    m_OverrideState: 1
    m_Value: 0.5
    min: 0.001
    max: 1
--- !u!114 &-2489631960529804063
MonoBehaviour:
  m_ObjectHideFlags: 3
  m_CorrespondingSourceObject: {fileID: 0}
  m_PrefabInstance: {fileID: 0}
  m_PrefabAsset: {fileID: 0}
  m_GameObject: {fileID: 0}
  m_Enabled: 1
  m_EditorHideFlags: 0
  m_Script: {fileID: 11500000, guid: 6b24b200358312b4fa1004e2431c2f1f, type: 3}
  m_Name: ShadowsMidtonesHighlights
  m_EditorClassIdentifier: 
  active: 1
  m_AdvancedMode: 0
  shadows:
    m_OverrideState: 1
    m_Value: {x: 0.91109735, y: 0.9227657, z: 1, w: -0.16143498}
  midtones:
    m_OverrideState: 0
    m_Value: {x: 1, y: 0.93596596, z: 0.64901495, w: 0.035874445}
  highlights:
    m_OverrideState: 1
    m_Value: {x: 1, y: 0.9658521, z: 0.9056246, w: 0.035874438}
  shadowsStart:
    m_OverrideState: 0
    m_Value: 0
    min: 0
  shadowsEnd:
    m_OverrideState: 0
    m_Value: 0.3
    min: 0
  highlightsStart:
    m_OverrideState: 0
    m_Value: 0.55
    min: 0
  highlightsEnd:
    m_OverrideState: 0
    m_Value: 1
    min: 0
--- !u!114 &-1448569711408695759
MonoBehaviour:
  m_ObjectHideFlags: 3
  m_CorrespondingSourceObject: {fileID: 0}
  m_PrefabInstance: {fileID: 0}
  m_PrefabAsset: {fileID: 0}
  m_GameObject: {fileID: 0}
  m_Enabled: 1
  m_EditorHideFlags: 0
  m_Script: {fileID: 11500000, guid: f086a068d4c5889438831b3ae9afc11c, type: 3}
  m_Name: Tonemapping
  m_EditorClassIdentifier: 
  active: 1
  m_AdvancedMode: 0
  mode:
    m_OverrideState: 1
    m_Value: 3
  toeStrength:
    m_OverrideState: 1
    m_Value: 0.277
    min: 0
    max: 1
  toeLength:
    m_OverrideState: 1
    m_Value: 0.617
    min: 0
    max: 1
  shoulderStrength:
    m_OverrideState: 0
    m_Value: 0.466
    min: 0
    max: 1
  shoulderLength:
    m_OverrideState: 0
    m_Value: 10.44
    min: 0
  shoulderAngle:
    m_OverrideState: 0
    m_Value: 0.12
    min: 0
    max: 1
  gamma:
    m_OverrideState: 0
    m_Value: 1
    min: 0.001
  lutTexture:
    m_OverrideState: 0
    m_Value: {fileID: 0}
  lutContribution:
    m_OverrideState: 0
    m_Value: 1
    min: 0
    max: 1
--- !u!114 &11400000
MonoBehaviour:
  m_ObjectHideFlags: 0
  m_CorrespondingSourceObject: {fileID: 0}
  m_PrefabInstance: {fileID: 0}
  m_PrefabAsset: {fileID: 0}
  m_GameObject: {fileID: 0}
  m_Enabled: 1
  m_EditorHideFlags: 0
  m_Script: {fileID: 11500000, guid: d7fd9488000d3734a9e00ee676215985, type: 3}
  m_Name: Global Volume
  m_EditorClassIdentifier: 
  components:
  - {fileID: 2804633101257192438}
  - {fileID: 1142777632297148762}
  - {fileID: -4151792930034644520}
  - {fileID: 7642060734654139733}
  - {fileID: -2489631960529804063}
  - {fileID: -8421789918554283759}
  - {fileID: 2812796923906184812}
  - {fileID: -3837720124736118964}
  - {fileID: -1448569711408695759}
  - {fileID: -8944350654782436272}
--- !u!114 &1142777632297148762
MonoBehaviour:
  m_ObjectHideFlags: 3
  m_CorrespondingSourceObject: {fileID: 0}
  m_PrefabInstance: {fileID: 0}
  m_PrefabAsset: {fileID: 0}
  m_GameObject: {fileID: 0}
  m_Enabled: 1
  m_EditorHideFlags: 0
  m_Script: {fileID: 11500000, guid: 0d7593b3a9277ac4696b20006c21dde2, type: 3}
  m_Name: 
  m_EditorClassIdentifier: 
  active: 1
  m_AdvancedMode: 0
  skyType:
    m_OverrideState: 1
    m_Value: 3
  skyAmbientMode:
    m_OverrideState: 1
    m_Value: 1
  fogType:
    m_OverrideState: 1
    m_Value: 0
--- !u!114 &2804633101257192438
MonoBehaviour:
  m_ObjectHideFlags: 3
  m_CorrespondingSourceObject: {fileID: 0}
  m_PrefabInstance: {fileID: 0}
  m_PrefabAsset: {fileID: 0}
  m_GameObject: {fileID: 0}
  m_Enabled: 1
  m_EditorHideFlags: 0
  m_Script: {fileID: 11500000, guid: a81bcacc415a1f743bfdf703afc52027, type: 3}
  m_Name: GradientSky
  m_EditorClassIdentifier: 
  active: 1
  m_AdvancedMode: 0
  rotation:
    m_OverrideState: 0
    m_Value: 0
    min: 0
    max: 360
  skyIntensityMode:
    m_OverrideState: 1
    m_Value: 2
  exposure:
    m_OverrideState: 1
    m_Value: 6.54
  multiplier:
    m_OverrideState: 1
    m_Value: 50
    min: 0
  upperHemisphereLuxValue:
    m_OverrideState: 0
    m_Value: 1
    min: 0
  upperHemisphereLuxColor:
    m_OverrideState: 0
    m_Value: {x: 0, y: 0, z: 0}
  desiredLuxValue:
    m_OverrideState: 0
    m_Value: 20000
  updateMode:
    m_OverrideState: 0
    m_Value: 0
  updatePeriod:
    m_OverrideState: 0
    m_Value: 0
    min: 0
  includeSunInBaking:
    m_OverrideState: 0
    m_Value: 0
  top:
    m_OverrideState: 1
    m_Value: {r: 0, g: 0.030638328, b: 0.288, a: 1}
    hdr: 1
    showAlpha: 0
    showEyeDropper: 1
  middle:
    m_OverrideState: 1
    m_Value: {r: 0.31287822, g: 0.5309194, b: 0.745283, a: 1}
    hdr: 1
    showAlpha: 0
    showEyeDropper: 1
  bottom:
    m_OverrideState: 1
    m_Value: {r: 0.15325737, g: 0.7107167, b: 0.7924528, a: 1}
    hdr: 1
    showAlpha: 0
    showEyeDropper: 1
  gradientDiffusion:
    m_OverrideState: 1
    m_Value: 1.9
--- !u!114 &2812796923906184812
MonoBehaviour:
  m_ObjectHideFlags: 3
  m_CorrespondingSourceObject: {fileID: 0}
  m_PrefabInstance: {fileID: 0}
  m_PrefabAsset: {fileID: 0}
  m_GameObject: {fileID: 0}
  m_Enabled: 1
  m_EditorHideFlags: 0
  m_Script: {fileID: 11500000, guid: 24f077503be6ae942a1e1245dbd53ea9, type: 3}
  m_Name: Bloom
  m_EditorClassIdentifier: 
  active: 1
  m_AdvancedMode: 0
  quality:
    m_OverrideState: 1
    m_Value: 1
  threshold:
    m_OverrideState: 1
    m_Value: 0.7
    min: 0
  intensity:
    m_OverrideState: 1
    m_Value: 0.73
    min: 0
    max: 1
  scatter:
    m_OverrideState: 1
    m_Value: 0.786
    min: 0
    max: 1
  tint:
    m_OverrideState: 1
    m_Value: {r: 1, g: 1, b: 1, a: 1}
    hdr: 0
    showAlpha: 0
    showEyeDropper: 1
  dirtTexture:
    m_OverrideState: 0
    m_Value: {fileID: 0}
  dirtIntensity:
    m_OverrideState: 0
    m_Value: 0
    min: 0
  anamorphic:
    m_OverrideState: 0
    m_Value: 1
  m_Resolution:
    m_OverrideState: 1
    m_Value: 2
  m_HighQualityPrefiltering:
    m_OverrideState: 1
    m_Value: 0
  m_HighQualityFiltering:
    m_OverrideState: 1
    m_Value: 1
--- !u!114 &6687092764662982575
MonoBehaviour:
  m_ObjectHideFlags: 3
  m_CorrespondingSourceObject: {fileID: 0}
  m_PrefabInstance: {fileID: 0}
  m_PrefabAsset: {fileID: 0}
  m_GameObject: {fileID: 0}
  m_Enabled: 1
  m_EditorHideFlags: 0
  m_Script: {fileID: 11500000, guid: 59b6606ef2548734bb6d11b9d160bc7e, type: 3}
  m_Name: HDRISky
  m_EditorClassIdentifier: 
  active: 1
  m_AdvancedMode: 0
  rotation:
    m_OverrideState: 0
    m_Value: 0
    min: 0
    max: 360
  skyIntensityMode:
    m_OverrideState: 0
    m_Value: 0
  exposure:
    m_OverrideState: 0
    m_Value: 0
  multiplier:
    m_OverrideState: 0
    m_Value: 1
    min: 0
  upperHemisphereLuxValue:
    m_OverrideState: 0
    m_Value: 1
    min: 0
  upperHemisphereLuxColor:
    m_OverrideState: 0
    m_Value: {x: 0, y: 0, z: 0}
  desiredLuxValue:
    m_OverrideState: 0
    m_Value: 20000
  updateMode:
    m_OverrideState: 0
    m_Value: 0
  updatePeriod:
    m_OverrideState: 0
    m_Value: 0
    min: 0
  includeSunInBaking:
    m_OverrideState: 0
    m_Value: 0
  hdriSky:
    m_OverrideState: 0
    m_Value: {fileID: 0}
  enableDistortion:
    m_OverrideState: 0
    m_Value: 0
  procedural:
    m_OverrideState: 0
    m_Value: 1
  flowmap:
    m_OverrideState: 0
    m_Value: {fileID: 0}
  upperHemisphereOnly:
    m_OverrideState: 0
    m_Value: 1
  scrollDirection:
    m_OverrideState: 0
    m_Value: 0
    min: 0
    max: 360
  scrollSpeed:
    m_OverrideState: 0
    m_Value: 2
    min: 0
  enableBackplate:
    m_OverrideState: 0
    m_Value: 0
  backplateType:
    m_OverrideState: 0
    m_Value: 0
  groundLevel:
    m_OverrideState: 0
    m_Value: 0
  scale:
    m_OverrideState: 0
    m_Value: {x: 32, y: 32}
  projectionDistance:
    m_OverrideState: 0
    m_Value: 16
    min: 0.0000001
  plateRotation:
    m_OverrideState: 0
    m_Value: 0
    min: 0
    max: 360
  plateTexRotation:
    m_OverrideState: 0
    m_Value: 0
    min: 0
    max: 360
  plateTexOffset:
    m_OverrideState: 0
    m_Value: {x: 0, y: 0}
  blendAmount:
    m_OverrideState: 0
    m_Value: 0
    min: 0
    max: 100
  shadowTint:
    m_OverrideState: 0
    m_Value: {r: 0.5, g: 0.5, b: 0.5, a: 1}
    hdr: 0
    showAlpha: 1
    showEyeDropper: 1
  pointLightShadow:
    m_OverrideState: 0
    m_Value: 0
  dirLightShadow:
    m_OverrideState: 0
    m_Value: 0
  rectLightShadow:
    m_OverrideState: 0
    m_Value: 0
--- !u!114 &7642060734654139733
MonoBehaviour:
  m_ObjectHideFlags: 3
  m_CorrespondingSourceObject: {fileID: 0}
  m_PrefabInstance: {fileID: 0}
  m_PrefabAsset: {fileID: 0}
  m_GameObject: {fileID: 0}
  m_Enabled: 1
  m_EditorHideFlags: 0
  m_Script: {fileID: 11500000, guid: 2d08ce26990eb1a4a9177b860541e702, type: 3}
  m_Name: Exposure
  m_EditorClassIdentifier: 
  active: 1
  m_AdvancedMode: 0
  mode:
    m_OverrideState: 1
    m_Value: 0
  meteringMode:
    m_OverrideState: 1
    m_Value: 2
  luminanceSource:
    m_OverrideState: 0
    m_Value: 1
  fixedExposure:
    m_OverrideState: 1
    m_Value: 14
  compensation:
    m_OverrideState: 1
    m_Value: 5.42
  limitMin:
    m_OverrideState: 1
    m_Value: 8.3
  limitMax:
    m_OverrideState: 1
    m_Value: 14
  curveMap:
    m_OverrideState: 0
    m_Value:
      serializedVersion: 2
      m_Curve:
      - serializedVersion: 3
        time: -10
        value: -10
        inSlope: 0
        outSlope: 1
        tangentMode: 0
        weightedMode: 0
        inWeight: 0
        outWeight: 0
      - serializedVersion: 3
        time: 20
        value: 20
        inSlope: 1
        outSlope: 0
        tangentMode: 0
        weightedMode: 0
        inWeight: 0
        outWeight: 0
      m_PreInfinity: 2
      m_PostInfinity: 2
      m_RotationOrder: 4
  limitMinCurveMap:
    m_OverrideState: 0
    m_Value:
      serializedVersion: 2
      m_Curve:
      - serializedVersion: 3
        time: -10
        value: -12
        inSlope: 0
        outSlope: 1
        tangentMode: 0
        weightedMode: 0
        inWeight: 0
        outWeight: 0
      - serializedVersion: 3
        time: 20
        value: 18
        inSlope: 1
        outSlope: 0
        tangentMode: 0
        weightedMode: 0
        inWeight: 0
        outWeight: 0
      m_PreInfinity: 2
      m_PostInfinity: 2
      m_RotationOrder: 4
  limitMaxCurveMap:
    m_OverrideState: 0
    m_Value:
      serializedVersion: 2
      m_Curve:
      - serializedVersion: 3
        time: -10
        value: -8
        inSlope: 0
        outSlope: 1
        tangentMode: 0
        weightedMode: 0
        inWeight: 0
        outWeight: 0
      - serializedVersion: 3
        time: 20
        value: 22
        inSlope: 1
        outSlope: 0
        tangentMode: 0
        weightedMode: 0
        inWeight: 0
        outWeight: 0
      m_PreInfinity: 2
      m_PostInfinity: 2
      m_RotationOrder: 4
  adaptationMode:
    m_OverrideState: 1
    m_Value: 0
  adaptationSpeedDarkToLight:
    m_OverrideState: 1
    m_Value: 3
    min: 0.001
  adaptationSpeedLightToDark:
    m_OverrideState: 0
    m_Value: 1
    min: 0.001
  weightTextureMask:
    m_OverrideState: 0
    m_Value: {fileID: 0}
  histogramPercentages:
    m_OverrideState: 1
    m_Value: {x: 0, y: 50.00007}
    min: 0
    max: 100
  histogramUseCurveRemapping:
    m_OverrideState: 0
    m_Value: 0
  targetMidGray:
    m_OverrideState: 0
    m_Value: 0
  centerAroundExposureTarget:
    m_OverrideState: 0
    m_Value: 0
  proceduralCenter:
    m_OverrideState: 0
    m_Value: {x: 0.5, y: 0.5}
  proceduralRadii:
    m_OverrideState: 0
    m_Value: {x: 0.15, y: 0.15}
  maskMinIntensity:
    m_OverrideState: 0
    m_Value: -30
  maskMaxIntensity:
    m_OverrideState: 0
    m_Value: 30
  proceduralSoftness:
    m_OverrideState: 0
    m_Value: 0.5
    min: 0
