%YAML 1.1
%TAG !u! tag:unity3d.com,2011:
--- !u!114 &200506368777812712
MonoBehaviour:
  m_ObjectHideFlags: 0
  m_CorrespondingSourceObject: {fileID: 0}
  m_PrefabInstance: {fileID: 0}
  m_PrefabAsset: {fileID: 0}
  m_GameObject: {fileID: 199031110536073295}
  m_Enabled: 1
  m_EditorHideFlags: 0
  m_Script: {fileID: 11500000, guid: d123e2403e404bf4ac66cc3616ad2ad8, type: 3}
  m_Name: 
  m_EditorClassIdentifier: 
  followTarget: {fileID: 8011853637235439186}
  followHeight: 0
--- !u!1 &1197197641132043317
GameObject:
  m_ObjectHideFlags: 0
  m_CorrespondingSourceObject: {fileID: 0}
  m_PrefabInstance: {fileID: 0}
  m_PrefabAsset: {fileID: 0}
  serializedVersion: 6
  m_Component:
  - component: {fileID: 6383286869412807115}
  m_Layer: 0
  m_Name: Boat with surroundings
  m_TagString: Untagged
  m_Icon: {fileID: 0}
  m_NavMeshLayer: 0
  m_StaticEditorFlags: 0
  m_IsActive: 1
--- !u!4 &6383286869412807115
Transform:
  m_ObjectHideFlags: 0
  m_CorrespondingSourceObject: {fileID: 0}
  m_PrefabInstance: {fileID: 0}
  m_PrefabAsset: {fileID: 0}
  m_GameObject: {fileID: 1197197641132043317}
  m_LocalRotation: {x: 0, y: 0, z: 0, w: 1}
  m_LocalPosition: {x: 0, y: 0, z: 0}
  m_LocalScale: {x: 1, y: 1, z: 1}
  m_Children:
  - {fileID: 8011853637235439186}
  - {fileID: 5369650574157054547}
  - {fileID: 6253455763665788670}
  - {fileID: 8125046435969991010}
  - {fileID: 1299578426728106376}
  - {fileID: 687020018167270133}
  - {fileID: 43423053042338067}
  m_Father: {fileID: 0}
  m_RootOrder: 0
  m_LocalEulerAnglesHint: {x: 0, y: 0, z: 0}
--- !u!1 &1550292484037285135
GameObject:
  m_ObjectHideFlags: 0
  m_CorrespondingSourceObject: {fileID: 0}
  m_PrefabInstance: {fileID: 0}
  m_PrefabAsset: {fileID: 0}
  serializedVersion: 6
  m_Component:
  - component: {fileID: 1550292484037285122}
  - component: {fileID: 1550292484037285133}
  - component: {fileID: 1550292484037285132}
  m_Layer: 0
  m_Name: Lighthouse
  m_TagString: Untagged
  m_Icon: {fileID: 0}
  m_NavMeshLayer: 0
  m_StaticEditorFlags: 0
  m_IsActive: 1
--- !u!4 &1550292484037285122
Transform:
  m_ObjectHideFlags: 0
  m_CorrespondingSourceObject: {fileID: 0}
  m_PrefabInstance: {fileID: 0}
  m_PrefabAsset: {fileID: 0}
  m_GameObject: {fileID: 1550292484037285135}
  m_LocalRotation: {x: 0.0000000052673372, y: 0.99999845, z: -0.0017852782, w: 0.000002950425}
  m_LocalPosition: {x: 0, y: 52, z: 600}
  m_LocalScale: {x: 1, y: 1, z: 1}
  m_Children: []
  m_Father: {fileID: 43423053042338067}
  m_RootOrder: 0
  m_LocalEulerAnglesHint: {x: 0.205, y: 0, z: 0}
--- !u!108 &1550292484037285133
Light:
  m_ObjectHideFlags: 0
  m_CorrespondingSourceObject: {fileID: 0}
  m_PrefabInstance: {fileID: 0}
  m_PrefabAsset: {fileID: 0}
  m_GameObject: {fileID: 1550292484037285135}
  m_Enabled: 1
  serializedVersion: 10
  m_Type: 0
  m_Shape: 0
  m_Color: {r: 0.990566, g: 0.9424588, b: 0.6961997, a: 1}
  m_Intensity: 1.5597185e+9
  m_Range: 800
  m_SpotAngle: 2
  m_InnerSpotAngle: 1
  m_CookieSize: 10
  m_Shadows:
    m_Type: 0
    m_Resolution: -1
    m_CustomResolution: -1
    m_Strength: 1
    m_Bias: 0.05
    m_NormalBias: 0.4
    m_NearPlane: 0.2
    m_CullingMatrixOverride:
      e00: 1
      e01: 0
      e02: 0
      e03: 0
      e10: 0
      e11: 1
      e12: 0
      e13: 0
      e20: 0
      e21: 0
      e22: 1
      e23: 0
      e30: 0
      e31: 0
      e32: 0
      e33: 1
    m_UseCullingMatrixOverride: 0
  m_Cookie: {fileID: 0}
  m_DrawHalo: 0
  m_Flare: {fileID: 0}
  m_RenderMode: 0
  m_CullingMask:
    serializedVersion: 2
    m_Bits: 4294967295
  m_RenderingLayerMask: 1
  m_Lightmapping: 4
  m_LightShadowCasterMode: 2
  m_AreaSize: {x: 0.5, y: 0.5}
  m_BounceIntensity: 1
  m_ColorTemperature: 4701
  m_UseColorTemperature: 0
  m_BoundingSphereOverride: {x: 0, y: 0, z: 0, w: 0}
  m_UseBoundingSphereOverride: 0
  m_UseViewFrustumForShadowCasterCull: 1
  m_ShadowRadius: 3.52
  m_ShadowAngle: 0
--- !u!114 &1550292484037285132
MonoBehaviour:
  m_ObjectHideFlags: 0
  m_CorrespondingSourceObject: {fileID: 0}
  m_PrefabInstance: {fileID: 0}
  m_PrefabAsset: {fileID: 0}
  m_GameObject: {fileID: 1550292484037285135}
  m_Enabled: 1
  m_EditorHideFlags: 0
  m_Script: {fileID: 11500000, guid: 7a68c43fe1f2a47cfa234b5eeaa98012, type: 3}
  m_Name: 
  m_EditorClassIdentifier: 
  m_Intensity: 31830990
  m_EnableSpotReflector: 1
  m_LuxAtDistance: 7
  m_InnerSpotPercent: 45.5
  m_SpotIESCutoffPercent: 100
  m_LightDimmer: 1
  m_VolumetricDimmer: 16
  m_LightUnit: 2
  m_FadeDistance: 10000
  m_VolumetricFadeDistance: 10000
  m_AffectDiffuse: 1
  m_AffectSpecular: 1
  m_NonLightmappedOnly: 0
  m_ShapeWidth: 0.5
  m_ShapeHeight: 0.5
  m_AspectRatio: 1
  m_ShapeRadius: 3.52
  m_SoftnessScale: 1
  m_UseCustomSpotLightShadowCone: 0
  m_CustomSpotLightShadowCone: 1
  m_MaxSmoothness: 0.99
  m_ApplyRangeAttenuation: 1
  m_DisplayAreaLightEmissiveMesh: 0
  m_AreaLightCookie: {fileID: 0}
  m_IESPoint: {fileID: 0}
  m_IESSpot: {fileID: 0}
  m_IncludeForRayTracing: 1
  m_AreaLightShadowCone: 120
  m_UseScreenSpaceShadows: 0
  m_InteractsWithSky: 1
  m_AngularDiameter: 0.5
  m_FlareSize: 2
  m_FlareTint: {r: 1, g: 1, b: 1, a: 1}
  m_FlareFalloff: 4
  m_SurfaceTexture: {fileID: 0}
  m_SurfaceTint: {r: 1, g: 1, b: 1, a: 1}
  m_Distance: 1.5e+11
  m_UseRayTracedShadows: 0
  m_NumRayTracingSamples: 4
  m_FilterTracedShadow: 1
  m_FilterSizeTraced: 16
  m_SunLightConeAngle: 0.5
  m_LightShadowRadius: 0.5
  m_SemiTransparentShadow: 0
  m_ColorShadow: 1
  m_DistanceBasedFiltering: 0
  m_EvsmExponent: 15
  m_EvsmLightLeakBias: 0
  m_EvsmVarianceBias: 0.00001
  m_EvsmBlurPasses: 0
  m_LightlayersMask: 1
  m_LinkShadowLayers: 1
  m_ShadowNearPlane: 0.1
  m_BlockerSampleCount: 24
  m_FilterSampleCount: 16
  m_MinFilterSize: 0.1
  m_KernelSize: 5
  m_LightAngle: 1
  m_MaxDepthBias: 0.001
  m_ShadowResolution:
    m_Override: 512
    m_UseOverride: 1
    m_Level: 0
  m_ShadowDimmer: 1
  m_VolumetricShadowDimmer: 1
  m_ShadowFadeDistance: 10000
  m_UseContactShadow:
    m_Override: 0
    m_UseOverride: 1
    m_Level: 0
  m_RayTracedContactShadow: 0
  m_ShadowTint: {r: 0, g: 0, b: 0, a: 1}
  m_PenumbraTint: 0
  m_NormalBias: 0.75
  m_SlopeBias: 0.5
  m_ShadowUpdateMode: 0
  m_AlwaysDrawDynamicShadows: 0
  m_UpdateShadowOnLightMovement: 0
  m_CachedShadowTranslationThreshold: 0.01
  m_CachedShadowAngularThreshold: 0.5
  m_BarnDoorAngle: 90
  m_BarnDoorLength: 0.05
  m_preserveCachedShadow: 0
  m_OnDemandShadowRenderOnPlacement: 1
  m_ShadowCascadeRatios:
  - 0.05
  - 0.2
  - 0.3
  m_ShadowCascadeBorders:
  - 0.2
  - 0.2
  - 0.2
  - 0.2
  m_ShadowAlgorithm: 0
  m_ShadowVariant: 0
  m_ShadowPrecision: 0
  useOldInspector: 0
  useVolumetric: 1
  featuresFoldout: 1
  showAdditionalSettings: 0
  m_AreaLightEmissiveMeshShadowCastingMode: 0
  m_AreaLightEmissiveMeshMotionVectorGenerationMode: 0
  m_AreaLightEmissiveMeshLayer: -1
  m_Version: 11
  m_ObsoleteShadowResolutionTier: 1
  m_ObsoleteUseShadowQualitySettings: 0
  m_ObsoleteCustomShadowResolution: 512
  m_ObsoleteContactShadows: 0
  m_PointlightHDType: 0
  m_SpotLightShape: 0
  m_AreaLightShape: 0
--- !u!114 &822050159034298635
MonoBehaviour:
  m_ObjectHideFlags: 0
  m_CorrespondingSourceObject: {fileID: 0}
  m_PrefabInstance: {fileID: 0}
  m_PrefabAsset: {fileID: 0}
  m_GameObject: {fileID: 1820253719104820018}
  m_Enabled: 1
  m_EditorHideFlags: 0
  m_Script: {fileID: 11500000, guid: d123e2403e404bf4ac66cc3616ad2ad8, type: 3}
  m_Name: 
  m_EditorClassIdentifier: 
  followTarget: {fileID: 8011853637235439186}
  followHeight: 0
--- !u!1 &2451296744032522243
GameObject:
  m_ObjectHideFlags: 0
  m_CorrespondingSourceObject: {fileID: 0}
  m_PrefabInstance: {fileID: 0}
  m_PrefabAsset: {fileID: 0}
  serializedVersion: 6
  m_Component:
  - component: {fileID: 43423053042338067}
  - component: {fileID: 7295406792438375075}
  m_Layer: 0
  m_Name: Lighthouse rotator
  m_TagString: Lighthouse
  m_Icon: {fileID: 0}
  m_NavMeshLayer: 0
  m_StaticEditorFlags: 0
  m_IsActive: 1
--- !u!4 &43423053042338067
Transform:
  m_ObjectHideFlags: 0
  m_CorrespondingSourceObject: {fileID: 0}
  m_PrefabInstance: {fileID: 0}
  m_PrefabAsset: {fileID: 0}
  m_GameObject: {fileID: 2451296744032522243}
  m_LocalRotation: {x: 0, y: 0, z: 0, w: 1}
  m_LocalPosition: {x: 0, y: 0, z: 0}
  m_LocalScale: {x: 1, y: 1, z: 1}
  m_Children:
  - {fileID: 1550292484037285122}
  m_Father: {fileID: 6383286869412807115}
  m_RootOrder: 6
  m_LocalEulerAnglesHint: {x: 0, y: 0, z: 0}
--- !u!114 &7295406792438375075
MonoBehaviour:
  m_ObjectHideFlags: 0
  m_CorrespondingSourceObject: {fileID: 0}
  m_PrefabInstance: {fileID: 0}
  m_PrefabAsset: {fileID: 0}
  m_GameObject: {fileID: 2451296744032522243}
  m_Enabled: 1
  m_EditorHideFlags: 0
  m_Script: {fileID: 11500000, guid: d123e2403e404bf4ac66cc3616ad2ad8, type: 3}
  m_Name: 
  m_EditorClassIdentifier: 
  followTarget: {fileID: 5369650574157054547}
  followHeight: 0
--- !u!114 &3818915455263413360
MonoBehaviour:
  m_ObjectHideFlags: 0
  m_CorrespondingSourceObject: {fileID: 0}
  m_PrefabInstance: {fileID: 0}
  m_PrefabAsset: {fileID: 0}
  m_GameObject: {fileID: 3311256206500662293}
  m_Enabled: 1
  m_EditorHideFlags: 0
  m_Script: {fileID: 11500000, guid: baa1965bfe4f49ea87ee6f9732ceb0ff, type: 3}
  m_Name: 
  m_EditorClassIdentifier: 
  fireIntensity: {fileID: 7700670521738742922}
  startTutorialEvent: {fileID: 11400000, guid: b11d2bc89a4fe824e907b69fdd1d7e11, type: 2}
  detectable: {fileID: 1286975590807156412}
  soundManager: {fileID: 11400000, guid: 4b462fc0da0dae8468150e2dc5303045, type: 2}
  sailorTutorialLine: {fileID: 11400000, guid: bebd57f2021a0884fbe320289288c2af, type: 2}
  spiritSoundObject: {fileID: 7231370513852489214}
  spiritNone:
    idInternal: 0
    valueGuidInternal: 
    groupIdInternal: 0
    groupGuidInternal: 
    WwiseObjectReference: {fileID: 11400000, guid: e31e8856e3ad05043976295cf14d7fe4, type: 2}
  spiritWillOWisp:
    idInternal: 0
    valueGuidInternal: 
    groupIdInternal: 0
    groupGuidInternal: 
    WwiseObjectReference: {fileID: 11400000, guid: 1a98f8f4b6bf7c94d8f15942b58b26e9, type: 2}
--- !u!1 &3379879769561697577
GameObject:
  m_ObjectHideFlags: 0
  m_CorrespondingSourceObject: {fileID: 0}
  m_PrefabInstance: {fileID: 0}
  m_PrefabAsset: {fileID: 0}
  serializedVersion: 6
  m_Component:
  - component: {fileID: 6283295444589488746}
  - component: {fileID: 3645490899264149910}
  - component: {fileID: 4647762929017789634}
  - component: {fileID: 6475672974042584902}
  m_Layer: 7
  m_Name: Displace
  m_TagString: Untagged
  m_Icon: {fileID: 0}
  m_NavMeshLayer: 0
  m_StaticEditorFlags: 0
  m_IsActive: 1
--- !u!4 &6283295444589488746
Transform:
  m_ObjectHideFlags: 0
  m_CorrespondingSourceObject: {fileID: 0}
  m_PrefabInstance: {fileID: 0}
  m_PrefabAsset: {fileID: 0}
  m_GameObject: {fileID: 3379879769561697577}
  m_LocalRotation: {x: 0, y: 0, z: 0, w: 1}
  m_LocalPosition: {x: -0.13, y: 1.02, z: -0.19}
  m_LocalScale: {x: 0.6, y: 0.8, z: 0.8}
  m_Children: []
  m_Father: {fileID: 7163079616077766098}
  m_RootOrder: 3
  m_LocalEulerAnglesHint: {x: 0, y: 0, z: 0}
--- !u!33 &3645490899264149910
MeshFilter:
  m_ObjectHideFlags: 0
  m_CorrespondingSourceObject: {fileID: 0}
  m_PrefabInstance: {fileID: 0}
  m_PrefabAsset: {fileID: 0}
  m_GameObject: {fileID: 3379879769561697577}
  m_Mesh: {fileID: 9177591704340781333, guid: 30c52305729fe3748820cefc0c0f714e, type: 3}
--- !u!23 &4647762929017789634
MeshRenderer:
  m_ObjectHideFlags: 0
  m_CorrespondingSourceObject: {fileID: 0}
  m_PrefabInstance: {fileID: 0}
  m_PrefabAsset: {fileID: 0}
  m_GameObject: {fileID: 3379879769561697577}
  m_Enabled: 0
  m_CastShadows: 1
  m_ReceiveShadows: 1
  m_DynamicOccludee: 1
  m_StaticShadowCaster: 0
  m_MotionVectors: 1
  m_LightProbeUsage: 1
  m_ReflectionProbeUsage: 1
  m_RayTracingMode: 2
  m_RayTraceProcedural: 0
  m_RenderingLayerMask: 257
  m_RendererPriority: 0
  m_Materials:
  - {fileID: 2100000, guid: 2aea5c3ce5c9dfb4d990099328a11f76, type: 2}
  m_StaticBatchInfo:
    firstSubMesh: 0
    subMeshCount: 0
  m_StaticBatchRoot: {fileID: 0}
  m_ProbeAnchor: {fileID: 0}
  m_LightProbeVolumeOverride: {fileID: 0}
  m_ScaleInLightmap: 1
  m_ReceiveGI: 1
  m_PreserveUVs: 0
  m_IgnoreNormalsForChartDetection: 0
  m_ImportantGI: 0
  m_StitchLightmapSeams: 1
  m_SelectedEditorRenderState: 3
  m_MinimumChartSize: 4
  m_AutoUVMaxDistance: 0.5
  m_AutoUVMaxAngle: 89
  m_LightmapParameters: {fileID: 0}
  m_SortingLayerID: 0
  m_SortingLayer: 0
  m_SortingOrder: 0
  m_AdditionalVertexStreams: {fileID: 0}
--- !u!114 &6475672974042584902
MonoBehaviour:
  m_ObjectHideFlags: 0
  m_CorrespondingSourceObject: {fileID: 0}
  m_PrefabInstance: {fileID: 0}
  m_PrefabAsset: {fileID: 0}
  m_GameObject: {fileID: 3379879769561697577}
  m_Enabled: 1
  m_EditorHideFlags: 0
  m_Script: {fileID: 11500000, guid: 26cbe8d1fc0a69249bc135d85739ad39, type: 3}
  m_Name: 
  m_EditorClassIdentifier: 
  _checkShaderName: 1
  _disableRenderer: 1
  _octaveWavelength: 0
  _followHorizontalMotion: 1
  _maxDisplacementVertical: 0
  _maxDisplacementHorizontal: 0
  _reportRendererBoundsToOceanSystem: 0
--- !u!114 &4633599413212054634
MonoBehaviour:
  m_ObjectHideFlags: 0
  m_CorrespondingSourceObject: {fileID: 0}
  m_PrefabInstance: {fileID: 0}
  m_PrefabAsset: {fileID: 0}
  m_GameObject: {fileID: 8901969412026522584}
  m_Enabled: 1
  m_EditorHideFlags: 0
  m_Script: {fileID: 11500000, guid: d123e2403e404bf4ac66cc3616ad2ad8, type: 3}
  m_Name: 
  m_EditorClassIdentifier: 
  followTarget: {fileID: 8011853637235439186}
  followHeight: 0
--- !u!1001 &1009492877636283678
PrefabInstance:
  m_ObjectHideFlags: 0
  serializedVersion: 2
  m_Modification:
    m_TransformParent: {fileID: 6383286869412807115}
    m_Modifications:
    - target: {fileID: -8679921383154817045, guid: 0ab79ebfef8576f4898cad00406bc8b5, type: 3}
      propertyPath: m_RootOrder
      value: 5
      objectReference: {fileID: 0}
    - target: {fileID: -8679921383154817045, guid: 0ab79ebfef8576f4898cad00406bc8b5, type: 3}
      propertyPath: m_LocalScale.x
      value: 60
      objectReference: {fileID: 0}
    - target: {fileID: -8679921383154817045, guid: 0ab79ebfef8576f4898cad00406bc8b5, type: 3}
      propertyPath: m_LocalScale.y
      value: 1
      objectReference: {fileID: 0}
    - target: {fileID: -8679921383154817045, guid: 0ab79ebfef8576f4898cad00406bc8b5, type: 3}
      propertyPath: m_LocalScale.z
      value: 60
      objectReference: {fileID: 0}
    - target: {fileID: -8679921383154817045, guid: 0ab79ebfef8576f4898cad00406bc8b5, type: 3}
      propertyPath: m_LocalPosition.x
      value: 0
      objectReference: {fileID: 0}
    - target: {fileID: -8679921383154817045, guid: 0ab79ebfef8576f4898cad00406bc8b5, type: 3}
      propertyPath: m_LocalPosition.y
      value: 1.59
      objectReference: {fileID: 0}
    - target: {fileID: -8679921383154817045, guid: 0ab79ebfef8576f4898cad00406bc8b5, type: 3}
      propertyPath: m_LocalPosition.z
      value: -11.5
      objectReference: {fileID: 0}
    - target: {fileID: -8679921383154817045, guid: 0ab79ebfef8576f4898cad00406bc8b5, type: 3}
      propertyPath: m_LocalRotation.w
      value: 0.7071078
      objectReference: {fileID: 0}
    - target: {fileID: -8679921383154817045, guid: 0ab79ebfef8576f4898cad00406bc8b5, type: 3}
      propertyPath: m_LocalRotation.x
      value: -0
      objectReference: {fileID: 0}
    - target: {fileID: -8679921383154817045, guid: 0ab79ebfef8576f4898cad00406bc8b5, type: 3}
      propertyPath: m_LocalRotation.y
      value: 0.7071059
      objectReference: {fileID: 0}
    - target: {fileID: -8679921383154817045, guid: 0ab79ebfef8576f4898cad00406bc8b5, type: 3}
      propertyPath: m_LocalRotation.z
      value: -0
      objectReference: {fileID: 0}
    - target: {fileID: -8679921383154817045, guid: 0ab79ebfef8576f4898cad00406bc8b5, type: 3}
      propertyPath: m_LocalEulerAnglesHint.x
      value: 0
      objectReference: {fileID: 0}
    - target: {fileID: -8679921383154817045, guid: 0ab79ebfef8576f4898cad00406bc8b5, type: 3}
      propertyPath: m_LocalEulerAnglesHint.y
      value: 90
      objectReference: {fileID: 0}
    - target: {fileID: -8679921383154817045, guid: 0ab79ebfef8576f4898cad00406bc8b5, type: 3}
      propertyPath: m_LocalEulerAnglesHint.z
      value: 0
      objectReference: {fileID: 0}
    - target: {fileID: -7511558181221131132, guid: 0ab79ebfef8576f4898cad00406bc8b5, type: 3}
      propertyPath: m_CastShadows
      value: 0
      objectReference: {fileID: 0}
    - target: {fileID: -7511558181221131132, guid: 0ab79ebfef8576f4898cad00406bc8b5, type: 3}
      propertyPath: m_DynamicOccludee
      value: 0
      objectReference: {fileID: 0}
    - target: {fileID: -7511558181221131132, guid: 0ab79ebfef8576f4898cad00406bc8b5, type: 3}
      propertyPath: m_Materials.Array.data[0]
      value: 
      objectReference: {fileID: 2100000, guid: bba0ef8e138fb6d4ab8a097939158b5f, type: 2}
    - target: {fileID: 919132149155446097, guid: 0ab79ebfef8576f4898cad00406bc8b5, type: 3}
      propertyPath: m_Name
      value: MSH_Cloud_Plane low
      objectReference: {fileID: 0}
    - target: {fileID: 919132149155446097, guid: 0ab79ebfef8576f4898cad00406bc8b5, type: 3}
      propertyPath: m_IsActive
      value: 1
      objectReference: {fileID: 0}
    m_RemovedComponents: []
  m_SourcePrefab: {fileID: 100100000, guid: 0ab79ebfef8576f4898cad00406bc8b5, type: 3}
--- !u!1 &199031110536073295 stripped
GameObject:
  m_CorrespondingSourceObject: {fileID: 919132149155446097, guid: 0ab79ebfef8576f4898cad00406bc8b5, type: 3}
  m_PrefabInstance: {fileID: 1009492877636283678}
  m_PrefabAsset: {fileID: 0}
--- !u!4 &687020018167270133 stripped
Transform:
  m_CorrespondingSourceObject: {fileID: -8679921383154817045, guid: 0ab79ebfef8576f4898cad00406bc8b5, type: 3}
  m_PrefabInstance: {fileID: 1009492877636283678}
  m_PrefabAsset: {fileID: 0}
--- !u!1001 &1231653209085209453
PrefabInstance:
  m_ObjectHideFlags: 0
  serializedVersion: 2
  m_Modification:
    m_TransformParent: {fileID: 6383286869412807115}
    m_Modifications:
    - target: {fileID: 16410689126017419, guid: e4984fcf3f3dd5140aab646eeec9d451, type: 3}
      propertyPath: m_Materials.Array.size
      value: 2
      objectReference: {fileID: 0}
    - target: {fileID: 16410689126017419, guid: e4984fcf3f3dd5140aab646eeec9d451, type: 3}
      propertyPath: m_Materials.Array.data[0]
      value: 
      objectReference: {fileID: 0}
    - target: {fileID: 16410689126017419, guid: e4984fcf3f3dd5140aab646eeec9d451, type: 3}
      propertyPath: m_Materials.Array.data[1]
      value: 
      objectReference: {fileID: 0}
    - target: {fileID: 492174559873426867, guid: e4984fcf3f3dd5140aab646eeec9d451, type: 3}
      propertyPath: m_Materials.Array.data[0]
      value: 
      objectReference: {fileID: 0}
    - target: {fileID: 593950421070954036, guid: e4984fcf3f3dd5140aab646eeec9d451, type: 3}
      propertyPath: m_RootOrder
      value: 15
      objectReference: {fileID: 0}
    - target: {fileID: 5550897857209527657, guid: e4984fcf3f3dd5140aab646eeec9d451, type: 3}
      propertyPath: m_RootOrder
      value: 14
      objectReference: {fileID: 0}
    - target: {fileID: 6461849579287915893, guid: e4984fcf3f3dd5140aab646eeec9d451, type: 3}
      propertyPath: shake
      value: 
      objectReference: {fileID: 4943370260747408763}
    - target: {fileID: 6998345248788208199, guid: e4984fcf3f3dd5140aab646eeec9d451, type: 3}
      propertyPath: m_RootOrder
      value: 16
      objectReference: {fileID: 0}
    - target: {fileID: 8511080245460897994, guid: e4984fcf3f3dd5140aab646eeec9d451, type: 3}
      propertyPath: voiceLines.Array.data[0].WwiseObjectReference
      value: 
      objectReference: {fileID: 11400000, guid: b512aa3d141c83145bed71384dd680ac, type: 2}
    - target: {fileID: 8511080245460897994, guid: e4984fcf3f3dd5140aab646eeec9d451, type: 3}
      propertyPath: voiceLines.Array.data[2].WwiseObjectReference
      value: 
      objectReference: {fileID: 11400000, guid: d9ce53c0d5090f446bfedb376f0ff5ea, type: 2}
    - target: {fileID: 9095129941315984702, guid: e4984fcf3f3dd5140aab646eeec9d451, type: 3}
      propertyPath: m_Name
      value: Boat
      objectReference: {fileID: 0}
    - target: {fileID: 9095129941315984703, guid: e4984fcf3f3dd5140aab646eeec9d451, type: 3}
      propertyPath: m_RootOrder
      value: 0
      objectReference: {fileID: 0}
    - target: {fileID: 9095129941315984703, guid: e4984fcf3f3dd5140aab646eeec9d451, type: 3}
      propertyPath: m_LocalPosition.x
      value: 0
      objectReference: {fileID: 0}
    - target: {fileID: 9095129941315984703, guid: e4984fcf3f3dd5140aab646eeec9d451, type: 3}
      propertyPath: m_LocalPosition.y
      value: 1.17
      objectReference: {fileID: 0}
    - target: {fileID: 9095129941315984703, guid: e4984fcf3f3dd5140aab646eeec9d451, type: 3}
      propertyPath: m_LocalPosition.z
      value: 0
      objectReference: {fileID: 0}
    - target: {fileID: 9095129941315984703, guid: e4984fcf3f3dd5140aab646eeec9d451, type: 3}
      propertyPath: m_LocalRotation.w
      value: -1
      objectReference: {fileID: 0}
    - target: {fileID: 9095129941315984703, guid: e4984fcf3f3dd5140aab646eeec9d451, type: 3}
      propertyPath: m_LocalRotation.x
      value: -0
      objectReference: {fileID: 0}
    - target: {fileID: 9095129941315984703, guid: e4984fcf3f3dd5140aab646eeec9d451, type: 3}
      propertyPath: m_LocalRotation.y
      value: -0.0000059604636
      objectReference: {fileID: 0}
    - target: {fileID: 9095129941315984703, guid: e4984fcf3f3dd5140aab646eeec9d451, type: 3}
      propertyPath: m_LocalRotation.z
      value: -0
      objectReference: {fileID: 0}
    - target: {fileID: 9095129941315984703, guid: e4984fcf3f3dd5140aab646eeec9d451, type: 3}
      propertyPath: m_LocalEulerAnglesHint.x
      value: 0
      objectReference: {fileID: 0}
    - target: {fileID: 9095129941315984703, guid: e4984fcf3f3dd5140aab646eeec9d451, type: 3}
      propertyPath: m_LocalEulerAnglesHint.y
      value: 0
      objectReference: {fileID: 0}
    - target: {fileID: 9095129941315984703, guid: e4984fcf3f3dd5140aab646eeec9d451, type: 3}
      propertyPath: m_LocalEulerAnglesHint.z
      value: 0
      objectReference: {fileID: 0}
    m_RemovedComponents:
    - {fileID: 8391909730295690016, guid: e4984fcf3f3dd5140aab646eeec9d451, type: 3}
  m_SourcePrefab: {fileID: 100100000, guid: e4984fcf3f3dd5140aab646eeec9d451, type: 3}
--- !u!4 &8011853637235439186 stripped
Transform:
  m_CorrespondingSourceObject: {fileID: 9095129941315984703, guid: e4984fcf3f3dd5140aab646eeec9d451, type: 3}
  m_PrefabInstance: {fileID: 1231653209085209453}
  m_PrefabAsset: {fileID: 0}
--- !u!4 &7163079616077766098 stripped
Transform:
  m_CorrespondingSourceObject: {fileID: 8250569112138708671, guid: e4984fcf3f3dd5140aab646eeec9d451, type: 3}
  m_PrefabInstance: {fileID: 1231653209085209453}
  m_PrefabAsset: {fileID: 0}
--- !u!1001 &1550292484093816419
PrefabInstance:
  m_ObjectHideFlags: 0
  serializedVersion: 2
  m_Modification:
    m_TransformParent: {fileID: 6383286869412807115}
    m_Modifications:
    - target: {fileID: -8679921383154817045, guid: 0ab79ebfef8576f4898cad00406bc8b5, type: 3}
      propertyPath: m_RootOrder
      value: 4
      objectReference: {fileID: 0}
    - target: {fileID: -8679921383154817045, guid: 0ab79ebfef8576f4898cad00406bc8b5, type: 3}
      propertyPath: m_LocalScale.x
      value: 60
      objectReference: {fileID: 0}
    - target: {fileID: -8679921383154817045, guid: 0ab79ebfef8576f4898cad00406bc8b5, type: 3}
      propertyPath: m_LocalScale.y
      value: 1
      objectReference: {fileID: 0}
    - target: {fileID: -8679921383154817045, guid: 0ab79ebfef8576f4898cad00406bc8b5, type: 3}
      propertyPath: m_LocalScale.z
      value: 60
      objectReference: {fileID: 0}
    - target: {fileID: -8679921383154817045, guid: 0ab79ebfef8576f4898cad00406bc8b5, type: 3}
      propertyPath: m_LocalPosition.x
      value: 0
      objectReference: {fileID: 0}
    - target: {fileID: -8679921383154817045, guid: 0ab79ebfef8576f4898cad00406bc8b5, type: 3}
      propertyPath: m_LocalPosition.y
      value: 1.91
      objectReference: {fileID: 0}
    - target: {fileID: -8679921383154817045, guid: 0ab79ebfef8576f4898cad00406bc8b5, type: 3}
      propertyPath: m_LocalPosition.z
      value: -11.5
      objectReference: {fileID: 0}
    - target: {fileID: -8679921383154817045, guid: 0ab79ebfef8576f4898cad00406bc8b5, type: 3}
      propertyPath: m_LocalRotation.w
      value: 0.7071078
      objectReference: {fileID: 0}
    - target: {fileID: -8679921383154817045, guid: 0ab79ebfef8576f4898cad00406bc8b5, type: 3}
      propertyPath: m_LocalRotation.x
      value: -0
      objectReference: {fileID: 0}
    - target: {fileID: -8679921383154817045, guid: 0ab79ebfef8576f4898cad00406bc8b5, type: 3}
      propertyPath: m_LocalRotation.y
      value: 0.7071059
      objectReference: {fileID: 0}
    - target: {fileID: -8679921383154817045, guid: 0ab79ebfef8576f4898cad00406bc8b5, type: 3}
      propertyPath: m_LocalRotation.z
      value: -0
      objectReference: {fileID: 0}
    - target: {fileID: -8679921383154817045, guid: 0ab79ebfef8576f4898cad00406bc8b5, type: 3}
      propertyPath: m_LocalEulerAnglesHint.x
      value: 0
      objectReference: {fileID: 0}
    - target: {fileID: -8679921383154817045, guid: 0ab79ebfef8576f4898cad00406bc8b5, type: 3}
      propertyPath: m_LocalEulerAnglesHint.y
      value: 90
      objectReference: {fileID: 0}
    - target: {fileID: -8679921383154817045, guid: 0ab79ebfef8576f4898cad00406bc8b5, type: 3}
      propertyPath: m_LocalEulerAnglesHint.z
      value: 0
      objectReference: {fileID: 0}
    - target: {fileID: -7511558181221131132, guid: 0ab79ebfef8576f4898cad00406bc8b5, type: 3}
      propertyPath: m_CastShadows
      value: 0
      objectReference: {fileID: 0}
    - target: {fileID: -7511558181221131132, guid: 0ab79ebfef8576f4898cad00406bc8b5, type: 3}
      propertyPath: m_DynamicOccludee
      value: 0
      objectReference: {fileID: 0}
    - target: {fileID: -7511558181221131132, guid: 0ab79ebfef8576f4898cad00406bc8b5, type: 3}
      propertyPath: m_Materials.Array.data[0]
      value: 
      objectReference: {fileID: 2100000, guid: a8625e27832f7774d8d815b7e3baf32b, type: 2}
    - target: {fileID: 919132149155446097, guid: 0ab79ebfef8576f4898cad00406bc8b5, type: 3}
      propertyPath: m_Name
      value: MSH_Cloud_Plane up
      objectReference: {fileID: 0}
    - target: {fileID: 919132149155446097, guid: 0ab79ebfef8576f4898cad00406bc8b5, type: 3}
      propertyPath: m_IsActive
      value: 1
      objectReference: {fileID: 0}
    m_RemovedComponents: []
  m_SourcePrefab: {fileID: 100100000, guid: 0ab79ebfef8576f4898cad00406bc8b5, type: 3}
--- !u!4 &1299578426728106376 stripped
Transform:
  m_CorrespondingSourceObject: {fileID: -8679921383154817045, guid: 0ab79ebfef8576f4898cad00406bc8b5, type: 3}
  m_PrefabInstance: {fileID: 1550292484093816419}
  m_PrefabAsset: {fileID: 0}
--- !u!1 &1820253719104820018 stripped
GameObject:
  m_CorrespondingSourceObject: {fileID: 919132149155446097, guid: 0ab79ebfef8576f4898cad00406bc8b5, type: 3}
  m_PrefabInstance: {fileID: 1550292484093816419}
  m_PrefabAsset: {fileID: 0}
--- !u!1001 &2589960256134998291
PrefabInstance:
  m_ObjectHideFlags: 0
  serializedVersion: 2
  m_Modification:
    m_TransformParent: {fileID: 8011853637235439186}
    m_Modifications:
    - target: {fileID: 344735124284487311, guid: a78f65bca39ab6b4da93ce95d49f81eb, type: 3}
      propertyPath: m_Intensity
      value: 193500
      objectReference: {fileID: 0}
    - target: {fileID: 798778458451999523, guid: a78f65bca39ab6b4da93ce95d49f81eb, type: 3}
      propertyPath: m_CastShadows
      value: 0
      objectReference: {fileID: 0}
    - target: {fileID: 798778458451999523, guid: a78f65bca39ab6b4da93ce95d49f81eb, type: 3}
      propertyPath: m_DynamicOccludee
      value: 0
      objectReference: {fileID: 0}
    - target: {fileID: 1009530725672281350, guid: a78f65bca39ab6b4da93ce95d49f81eb, type: 3}
      propertyPath: m_Name
      value: Tutorial spirit
      objectReference: {fileID: 0}
    - target: {fileID: 3696932183964746738, guid: a78f65bca39ab6b4da93ce95d49f81eb, type: 3}
      propertyPath: m_RootOrder
      value: 13
      objectReference: {fileID: 0}
    - target: {fileID: 3696932183964746738, guid: a78f65bca39ab6b4da93ce95d49f81eb, type: 3}
      propertyPath: m_LocalPosition.x
      value: -21.5
      objectReference: {fileID: 0}
    - target: {fileID: 3696932183964746738, guid: a78f65bca39ab6b4da93ce95d49f81eb, type: 3}
      propertyPath: m_LocalPosition.y
      value: -1.17
      objectReference: {fileID: 0}
    - target: {fileID: 3696932183964746738, guid: a78f65bca39ab6b4da93ce95d49f81eb, type: 3}
      propertyPath: m_LocalPosition.z
      value: 28.2
      objectReference: {fileID: 0}
    - target: {fileID: 3696932183964746738, guid: a78f65bca39ab6b4da93ce95d49f81eb, type: 3}
      propertyPath: m_LocalRotation.w
      value: -1
      objectReference: {fileID: 0}
    - target: {fileID: 3696932183964746738, guid: a78f65bca39ab6b4da93ce95d49f81eb, type: 3}
      propertyPath: m_LocalRotation.x
      value: -0
      objectReference: {fileID: 0}
    - target: {fileID: 3696932183964746738, guid: a78f65bca39ab6b4da93ce95d49f81eb, type: 3}
      propertyPath: m_LocalRotation.y
      value: 0.0000059604636
      objectReference: {fileID: 0}
    - target: {fileID: 3696932183964746738, guid: a78f65bca39ab6b4da93ce95d49f81eb, type: 3}
      propertyPath: m_LocalRotation.z
      value: -0
      objectReference: {fileID: 0}
    - target: {fileID: 3696932183964746738, guid: a78f65bca39ab6b4da93ce95d49f81eb, type: 3}
      propertyPath: m_LocalEulerAnglesHint.x
      value: 0
      objectReference: {fileID: 0}
    - target: {fileID: 3696932183964746738, guid: a78f65bca39ab6b4da93ce95d49f81eb, type: 3}
      propertyPath: m_LocalEulerAnglesHint.y
      value: 0
      objectReference: {fileID: 0}
    - target: {fileID: 3696932183964746738, guid: a78f65bca39ab6b4da93ce95d49f81eb, type: 3}
      propertyPath: m_LocalEulerAnglesHint.z
      value: 0
      objectReference: {fileID: 0}
    - target: {fileID: 3995153448304837075, guid: a78f65bca39ab6b4da93ce95d49f81eb, type: 3}
      propertyPath: m_CastShadows
      value: 0
      objectReference: {fileID: 0}
    - target: {fileID: 3995153448304837075, guid: a78f65bca39ab6b4da93ce95d49f81eb, type: 3}
      propertyPath: m_DynamicOccludee
      value: 0
      objectReference: {fileID: 0}
    - target: {fileID: 5273473457349272985, guid: a78f65bca39ab6b4da93ce95d49f81eb, type: 3}
      propertyPath: intensity
      value: 0
      objectReference: {fileID: 0}
    - target: {fileID: 6048358276846584444, guid: a78f65bca39ab6b4da93ce95d49f81eb, type: 3}
      propertyPath: m_CastShadows
      value: 0
      objectReference: {fileID: 0}
    - target: {fileID: 6048358276846584444, guid: a78f65bca39ab6b4da93ce95d49f81eb, type: 3}
      propertyPath: m_DynamicOccludee
      value: 0
      objectReference: {fileID: 0}
    - target: {fileID: 7232008165982494502, guid: a78f65bca39ab6b4da93ce95d49f81eb, type: 3}
      propertyPath: m_Materials.Array.data[0]
      value: 
      objectReference: {fileID: 0}
    - target: {fileID: 7672015600072865102, guid: a78f65bca39ab6b4da93ce95d49f81eb, type: 3}
      propertyPath: m_Materials.Array.data[0]
      value: 
      objectReference: {fileID: 0}
    m_RemovedComponents: []
  m_SourcePrefab: {fileID: 100100000, guid: a78f65bca39ab6b4da93ce95d49f81eb, type: 3}
--- !u!114 &7700670521738742922 stripped
MonoBehaviour:
  m_CorrespondingSourceObject: {fileID: 5273473457349272985, guid: a78f65bca39ab6b4da93ce95d49f81eb, type: 3}
  m_PrefabInstance: {fileID: 2589960256134998291}
  m_PrefabAsset: {fileID: 0}
  m_GameObject: {fileID: 0}
  m_Enabled: 1
  m_EditorHideFlags: 0
  m_Script: {fileID: 11500000, guid: 6cc813b83045425bb8dc315681e0b9d3, type: 3}
  m_Name: 
  m_EditorClassIdentifier: 
--- !u!114 &1286975590807156412 stripped
MonoBehaviour:
  m_CorrespondingSourceObject: {fileID: 3615583847231971247, guid: a78f65bca39ab6b4da93ce95d49f81eb, type: 3}
  m_PrefabInstance: {fileID: 2589960256134998291}
  m_PrefabAsset: {fileID: 0}
  m_GameObject: {fileID: 0}
  m_Enabled: 1
  m_EditorHideFlags: 0
  m_Script: {fileID: 11500000, guid: bc09e5e7eef241618528258f1665ec9b, type: 3}
  m_Name: 
  m_EditorClassIdentifier: 
--- !u!1 &7231370513852489214 stripped
GameObject:
  m_CorrespondingSourceObject: {fileID: 5164395164640687341, guid: a78f65bca39ab6b4da93ce95d49f81eb, type: 3}
  m_PrefabInstance: {fileID: 2589960256134998291}
  m_PrefabAsset: {fileID: 0}
--- !u!1 &3311256206500662293 stripped
GameObject:
  m_CorrespondingSourceObject: {fileID: 1009530725672281350, guid: a78f65bca39ab6b4da93ce95d49f81eb, type: 3}
  m_PrefabInstance: {fileID: 2589960256134998291}
  m_PrefabAsset: {fileID: 0}
--- !u!1001 &4736902809077303744
PrefabInstance:
  m_ObjectHideFlags: 0
  serializedVersion: 2
  m_Modification:
    m_TransformParent: {fileID: 6383286869412807115}
    m_Modifications:
    - target: {fileID: 808405747766446995, guid: 4bd99f2fa71c89747a045995e6ef9349, type: 3}
      propertyPath: m_RootOrder
      value: 1
      objectReference: {fileID: 0}
    - target: {fileID: 808405747766446995, guid: 4bd99f2fa71c89747a045995e6ef9349, type: 3}
      propertyPath: m_LocalPosition.x
      value: 2.45
      objectReference: {fileID: 0}
    - target: {fileID: 808405747766446995, guid: 4bd99f2fa71c89747a045995e6ef9349, type: 3}
      propertyPath: m_LocalPosition.y
      value: 3.83
      objectReference: {fileID: 0}
    - target: {fileID: 808405747766446995, guid: 4bd99f2fa71c89747a045995e6ef9349, type: 3}
      propertyPath: m_LocalPosition.z
      value: 7.95
      objectReference: {fileID: 0}
    - target: {fileID: 808405747766446995, guid: 4bd99f2fa71c89747a045995e6ef9349, type: 3}
      propertyPath: m_LocalRotation.w
      value: 0.17878112
      objectReference: {fileID: 0}
    - target: {fileID: 808405747766446995, guid: 4bd99f2fa71c89747a045995e6ef9349, type: 3}
      propertyPath: m_LocalRotation.x
      value: -0
      objectReference: {fileID: 0}
    - target: {fileID: 808405747766446995, guid: 4bd99f2fa71c89747a045995e6ef9349, type: 3}
      propertyPath: m_LocalRotation.y
      value: -0.98388886
      objectReference: {fileID: 0}
    - target: {fileID: 808405747766446995, guid: 4bd99f2fa71c89747a045995e6ef9349, type: 3}
      propertyPath: m_LocalRotation.z
      value: -0
      objectReference: {fileID: 0}
    - target: {fileID: 808405747766446995, guid: 4bd99f2fa71c89747a045995e6ef9349, type: 3}
      propertyPath: m_LocalEulerAnglesHint.x
      value: 0
      objectReference: {fileID: 0}
    - target: {fileID: 808405747766446995, guid: 4bd99f2fa71c89747a045995e6ef9349, type: 3}
      propertyPath: m_LocalEulerAnglesHint.y
      value: -193.262
      objectReference: {fileID: 0}
    - target: {fileID: 808405747766446995, guid: 4bd99f2fa71c89747a045995e6ef9349, type: 3}
      propertyPath: m_LocalEulerAnglesHint.z
      value: 0
      objectReference: {fileID: 0}
    - target: {fileID: 2685677701209272697, guid: 4bd99f2fa71c89747a045995e6ef9349, type: 3}
      propertyPath: m_IsActive
      value: 1
      objectReference: {fileID: 0}
    - target: {fileID: 3404813106213052215, guid: 4bd99f2fa71c89747a045995e6ef9349, type: 3}
      propertyPath: m_Enabled
      value: 1
      objectReference: {fileID: 0}
    - target: {fileID: 3404813106213052215, guid: 4bd99f2fa71c89747a045995e6ef9349, type: 3}
      propertyPath: m_Materials.Array.size
      value: 2
      objectReference: {fileID: 0}
    - target: {fileID: 3404813106213052215, guid: 4bd99f2fa71c89747a045995e6ef9349, type: 3}
      propertyPath: m_Materials.Array.data[0]
      value: 
      objectReference: {fileID: 0}
    - target: {fileID: 3404813106213052215, guid: 4bd99f2fa71c89747a045995e6ef9349, type: 3}
      propertyPath: m_Materials.Array.data[1]
      value: 
      objectReference: {fileID: 0}
    - target: {fileID: 5146345216521346291, guid: 4bd99f2fa71c89747a045995e6ef9349, type: 3}
      propertyPath: _buoyancyCoeff
      value: 1
      objectReference: {fileID: 0}
    - target: {fileID: 6418825205070284646, guid: 4bd99f2fa71c89747a045995e6ef9349, type: 3}
      propertyPath: m_Name
      value: Sailor
      objectReference: {fileID: 0}
    - target: {fileID: 7492651502822753009, guid: 4bd99f2fa71c89747a045995e6ef9349, type: 3}
      propertyPath: boatTransform
      value: 
      objectReference: {fileID: 0}
    - target: {fileID: 7643212513518568935, guid: 4bd99f2fa71c89747a045995e6ef9349, type: 3}
      propertyPath: isEnvironmentAware
      value: 0
      objectReference: {fileID: 0}
    - target: {fileID: 7998047398266520270, guid: 4bd99f2fa71c89747a045995e6ef9349, type: 3}
      propertyPath: randomAmount.x
      value: 0.2
      objectReference: {fileID: 0}
    - target: {fileID: 7998047398266520270, guid: 4bd99f2fa71c89747a045995e6ef9349, type: 3}
      propertyPath: randomAmount.y
      value: 0.01
      objectReference: {fileID: 0}
    m_RemovedComponents:
    - {fileID: 7278258223860434427, guid: 4bd99f2fa71c89747a045995e6ef9349, type: 3}
  m_SourcePrefab: {fileID: 100100000, guid: 4bd99f2fa71c89747a045995e6ef9349, type: 3}
--- !u!114 &4943370260747408763 stripped
MonoBehaviour:
  m_CorrespondingSourceObject: {fileID: 371191888600767675, guid: 4bd99f2fa71c89747a045995e6ef9349, type: 3}
  m_PrefabInstance: {fileID: 4736902809077303744}
  m_PrefabAsset: {fileID: 0}
  m_GameObject: {fileID: 0}
  m_Enabled: 1
  m_EditorHideFlags: 0
  m_Script: {fileID: 11500000, guid: 3d0b2ac8db714a3c8146539fe8524b3f, type: 3}
  m_Name: 
  m_EditorClassIdentifier: 
--- !u!4 &5369650574157054547 stripped
Transform:
  m_CorrespondingSourceObject: {fileID: 808405747766446995, guid: 4bd99f2fa71c89747a045995e6ef9349, type: 3}
  m_PrefabInstance: {fileID: 4736902809077303744}
  m_PrefabAsset: {fileID: 0}
--- !u!1001 &5043999350769838052
PrefabInstance:
  m_ObjectHideFlags: 0
  serializedVersion: 2
  m_Modification:
    m_TransformParent: {fileID: 6383286869412807115}
    m_Modifications:
    - target: {fileID: 1384679099238512922, guid: 61c0ac886dcb2a149abb43a630f331d7, type: 3}
      propertyPath: m_RootOrder
      value: 2
      objectReference: {fileID: 0}
    - target: {fileID: 1384679099238512922, guid: 61c0ac886dcb2a149abb43a630f331d7, type: 3}
      propertyPath: m_LocalPosition.x
      value: 0
      objectReference: {fileID: 0}
    - target: {fileID: 1384679099238512922, guid: 61c0ac886dcb2a149abb43a630f331d7, type: 3}
      propertyPath: m_LocalPosition.y
      value: 3.5
      objectReference: {fileID: 0}
    - target: {fileID: 1384679099238512922, guid: 61c0ac886dcb2a149abb43a630f331d7, type: 3}
      propertyPath: m_LocalPosition.z
      value: 7.1
      objectReference: {fileID: 0}
    - target: {fileID: 1384679099238512922, guid: 61c0ac886dcb2a149abb43a630f331d7, type: 3}
      propertyPath: m_LocalRotation.w
      value: 0.00000058114523
      objectReference: {fileID: 0}
    - target: {fileID: 1384679099238512922, guid: 61c0ac886dcb2a149abb43a630f331d7, type: 3}
      propertyPath: m_LocalRotation.x
      value: -0
      objectReference: {fileID: 0}
    - target: {fileID: 1384679099238512922, guid: 61c0ac886dcb2a149abb43a630f331d7, type: 3}
      propertyPath: m_LocalRotation.y
      value: 1
      objectReference: {fileID: 0}
    - target: {fileID: 1384679099238512922, guid: 61c0ac886dcb2a149abb43a630f331d7, type: 3}
      propertyPath: m_LocalRotation.z
      value: -0
      objectReference: {fileID: 0}
    - target: {fileID: 2426468792452995450, guid: 61c0ac886dcb2a149abb43a630f331d7, type: 3}
      propertyPath: m_Materials.Array.data[0]
      value: 
      objectReference: {fileID: 0}
    - target: {fileID: 8365665982671096967, guid: 61c0ac886dcb2a149abb43a630f331d7, type: 3}
      propertyPath: followTarget
      value: 
      objectReference: {fileID: 8011853637235439186}
    m_RemovedComponents: []
  m_SourcePrefab: {fileID: 100100000, guid: 61c0ac886dcb2a149abb43a630f331d7, type: 3}
--- !u!4 &6253455763665788670 stripped
Transform:
  m_CorrespondingSourceObject: {fileID: 1384679099238512922, guid: 61c0ac886dcb2a149abb43a630f331d7, type: 3}
  m_PrefabInstance: {fileID: 5043999350769838052}
  m_PrefabAsset: {fileID: 0}
--- !u!1001 &8596052077551478409
PrefabInstance:
  m_ObjectHideFlags: 0
  serializedVersion: 2
  m_Modification:
    m_TransformParent: {fileID: 6383286869412807115}
    m_Modifications:
    - target: {fileID: -8679921383154817045, guid: 0ab79ebfef8576f4898cad00406bc8b5, type: 3}
      propertyPath: m_RootOrder
      value: 3
      objectReference: {fileID: 0}
    - target: {fileID: -8679921383154817045, guid: 0ab79ebfef8576f4898cad00406bc8b5, type: 3}
      propertyPath: m_LocalScale.x
      value: 60
      objectReference: {fileID: 0}
    - target: {fileID: -8679921383154817045, guid: 0ab79ebfef8576f4898cad00406bc8b5, type: 3}
      propertyPath: m_LocalScale.y
      value: 1
      objectReference: {fileID: 0}
    - target: {fileID: -8679921383154817045, guid: 0ab79ebfef8576f4898cad00406bc8b5, type: 3}
      propertyPath: m_LocalScale.z
      value: 60
      objectReference: {fileID: 0}
    - target: {fileID: -8679921383154817045, guid: 0ab79ebfef8576f4898cad00406bc8b5, type: 3}
      propertyPath: m_LocalPosition.x
      value: 0
      objectReference: {fileID: 0}
    - target: {fileID: -8679921383154817045, guid: 0ab79ebfef8576f4898cad00406bc8b5, type: 3}
      propertyPath: m_LocalPosition.y
      value: 1.95
      objectReference: {fileID: 0}
    - target: {fileID: -8679921383154817045, guid: 0ab79ebfef8576f4898cad00406bc8b5, type: 3}
      propertyPath: m_LocalPosition.z
      value: -11.5
      objectReference: {fileID: 0}
    - target: {fileID: -8679921383154817045, guid: 0ab79ebfef8576f4898cad00406bc8b5, type: 3}
      propertyPath: m_LocalRotation.w
      value: 0.7071078
      objectReference: {fileID: 0}
    - target: {fileID: -8679921383154817045, guid: 0ab79ebfef8576f4898cad00406bc8b5, type: 3}
      propertyPath: m_LocalRotation.x
      value: -0
      objectReference: {fileID: 0}
    - target: {fileID: -8679921383154817045, guid: 0ab79ebfef8576f4898cad00406bc8b5, type: 3}
      propertyPath: m_LocalRotation.y
      value: 0.7071059
      objectReference: {fileID: 0}
    - target: {fileID: -8679921383154817045, guid: 0ab79ebfef8576f4898cad00406bc8b5, type: 3}
      propertyPath: m_LocalRotation.z
      value: -0
      objectReference: {fileID: 0}
    - target: {fileID: -8679921383154817045, guid: 0ab79ebfef8576f4898cad00406bc8b5, type: 3}
      propertyPath: m_LocalEulerAnglesHint.x
      value: 0
      objectReference: {fileID: 0}
    - target: {fileID: -8679921383154817045, guid: 0ab79ebfef8576f4898cad00406bc8b5, type: 3}
      propertyPath: m_LocalEulerAnglesHint.y
      value: 90
      objectReference: {fileID: 0}
    - target: {fileID: -8679921383154817045, guid: 0ab79ebfef8576f4898cad00406bc8b5, type: 3}
      propertyPath: m_LocalEulerAnglesHint.z
      value: 0
      objectReference: {fileID: 0}
    - target: {fileID: -7511558181221131132, guid: 0ab79ebfef8576f4898cad00406bc8b5, type: 3}
      propertyPath: m_CastShadows
      value: 0
      objectReference: {fileID: 0}
    - target: {fileID: -7511558181221131132, guid: 0ab79ebfef8576f4898cad00406bc8b5, type: 3}
      propertyPath: m_DynamicOccludee
      value: 0
      objectReference: {fileID: 0}
    - target: {fileID: -7511558181221131132, guid: 0ab79ebfef8576f4898cad00406bc8b5, type: 3}
      propertyPath: m_Materials.Array.data[0]
      value: 
      objectReference: {fileID: 2100000, guid: f21e54b6df934b2488ade759dc840031, type: 2}
    - target: {fileID: 919132149155446097, guid: 0ab79ebfef8576f4898cad00406bc8b5, type: 3}
      propertyPath: m_Name
      value: MSH_Cloud_Plane details
      objectReference: {fileID: 0}
    - target: {fileID: 919132149155446097, guid: 0ab79ebfef8576f4898cad00406bc8b5, type: 3}
      propertyPath: m_IsActive
      value: 1
      objectReference: {fileID: 0}
    m_RemovedComponents: []
  m_SourcePrefab: {fileID: 100100000, guid: 0ab79ebfef8576f4898cad00406bc8b5, type: 3}
--- !u!4 &8125046435969991010 stripped
Transform:
  m_CorrespondingSourceObject: {fileID: -8679921383154817045, guid: 0ab79ebfef8576f4898cad00406bc8b5, type: 3}
  m_PrefabInstance: {fileID: 8596052077551478409}
  m_PrefabAsset: {fileID: 0}
--- !u!1 &8901969412026522584 stripped
GameObject:
  m_CorrespondingSourceObject: {fileID: 919132149155446097, guid: 0ab79ebfef8576f4898cad00406bc8b5, type: 3}
  m_PrefabInstance: {fileID: 8596052077551478409}
  m_PrefabAsset: {fileID: 0}
