%YAML 1.1
%TAG !u! tag:unity3d.com,2011:
--- !u!1 &4074654434803166496
GameObject:
  m_ObjectHideFlags: 0
  m_CorrespondingSourceObject: {fileID: 0}
  m_PrefabInstance: {fileID: 0}
  m_PrefabAsset: {fileID: 0}
  serializedVersion: 6
  m_Component:
  - component: {fileID: 4074654434803166523}
  - component: {fileID: 4074654434803166500}
  - component: {fileID: 4074654434803166501}
  - component: {fileID: 4074654434803166502}
  - component: {fileID: 4074654434803166503}
  - component: {fileID: 5742045117346134557}
  m_Layer: 0
  m_Name: Weather Managers
  m_TagString: Untagged
  m_Icon: {fileID: 0}
  m_NavMeshLayer: 0
  m_StaticEditorFlags: 0
  m_IsActive: 1
--- !u!4 &4074654434803166523
Transform:
  m_ObjectHideFlags: 0
  m_CorrespondingSourceObject: {fileID: 0}
  m_PrefabInstance: {fileID: 0}
  m_PrefabAsset: {fileID: 0}
  m_GameObject: {fileID: 4074654434803166496}
  m_LocalRotation: {x: 0, y: 0, z: 0, w: 1}
  m_LocalPosition: {x: 0.46351266, y: -0.9096863, z: -21.581482}
  m_LocalScale: {x: 1, y: 1, z: 1}
  m_Children: []
  m_Father: {fileID: 0}
  m_RootOrder: 0
  m_LocalEulerAnglesHint: {x: 0, y: 0, z: 0}
--- !u!114 &4074654434803166500
MonoBehaviour:
  m_ObjectHideFlags: 0
  m_CorrespondingSourceObject: {fileID: 0}
  m_PrefabInstance: {fileID: 0}
  m_PrefabAsset: {fileID: 0}
  m_GameObject: {fileID: 4074654434803166496}
  m_Enabled: 1
  m_EditorHideFlags: 0
  m_Script: {fileID: 11500000, guid: 83ad8fa2eaa741258b733d8b148cd0f1, type: 3}
  m_Name: 
  m_EditorClassIdentifier: 
  manager: {fileID: 11400000, guid: 51d6744d0942f2c4a916fb2e6a5e9003, type: 2}
  levels:
  - {fileID: 11400000, guid: 8d5c0c3d2cb18be41b233b75264d06df, type: 2}
  - {fileID: 11400000, guid: ff30dedc0d017d8468203bd577abb357, type: 2}
  - {fileID: 11400000, guid: 9857f6f5de930e040813bab17985e96e, type: 2}
  - {fileID: 11400000, guid: b1a8b28ab8c74bb46a5ac9560b510d26, type: 2}
  defaultLevel: 0
  gerstnerWaves: {fileID: 0}
--- !u!114 &4074654434803166501
MonoBehaviour:
  m_ObjectHideFlags: 0
  m_CorrespondingSourceObject: {fileID: 0}
  m_PrefabInstance: {fileID: 0}
  m_PrefabAsset: {fileID: 0}
  m_GameObject: {fileID: 4074654434803166496}
  m_Enabled: 1
  m_EditorHideFlags: 0
  m_Script: {fileID: 11500000, guid: 662d93d33a624ed78293e8c0532cfa6b, type: 3}
  m_Name: 
  m_EditorClassIdentifier: 
  manager: {fileID: 11400000, guid: 51d6744d0942f2c4a916fb2e6a5e9003, type: 2}
  levels:
  - {fileID: 11400000, guid: 29dd09aeca5ff89458ad813ee17b9684, type: 2}
  - {fileID: 11400000, guid: 017dc517c8173e046bdce01ab0a5e2ef, type: 2}
  - {fileID: 11400000, guid: 4328e439992a4e4498b7d08a632314ba, type: 2}
  defaultLevel: 0
  smokeVFX: {fileID: 0}
  cloudPlanes: []
--- !u!114 &4074654434803166502
MonoBehaviour:
  m_ObjectHideFlags: 0
  m_CorrespondingSourceObject: {fileID: 0}
  m_PrefabInstance: {fileID: 0}
  m_PrefabAsset: {fileID: 0}
  m_GameObject: {fileID: 4074654434803166496}
  m_Enabled: 1
  m_EditorHideFlags: 0
  m_Script: {fileID: 11500000, guid: 1407fef9ac634161b1d2a7101fadb5c0, type: 3}
  m_Name: 
  m_EditorClassIdentifier: 
  manager: {fileID: 11400000, guid: 51d6744d0942f2c4a916fb2e6a5e9003, type: 2}
  levels:
  - {fileID: 11400000, guid: a4407728ae8d90847aee05156a291d93, type: 2}
  - {fileID: 11400000, guid: acf9036452afd5c49a2b589a4ceb1cd8, type: 2}
  - {fileID: 11400000, guid: c84fe9332810ee64f88acb1a66bc6b8d, type: 2}
  defaultLevel: 0
  rainVFX: {fileID: 0}
  raindropsGenerator: {fileID: 0}
--- !u!114 &4074654434803166503
MonoBehaviour:
  m_ObjectHideFlags: 0
  m_CorrespondingSourceObject: {fileID: 0}
  m_PrefabInstance: {fileID: 0}
  m_PrefabAsset: {fileID: 0}
  m_GameObject: {fileID: 4074654434803166496}
  m_Enabled: 1
  m_EditorHideFlags: 0
  m_Script: {fileID: 11500000, guid: c977311a3c7045eb9a59b05b05f9d63f, type: 3}
  m_Name: 
  m_EditorClassIdentifier: 
  manager: {fileID: 11400000, guid: 51d6744d0942f2c4a916fb2e6a5e9003, type: 2}
  levels:
  - {fileID: 11400000, guid: 23238f21bb02df24f91b25611d5038f9, type: 2}
  defaultLevel: 0
--- !u!114 &5742045117346134557
MonoBehaviour:
  m_ObjectHideFlags: 0
  m_CorrespondingSourceObject: {fileID: 0}
  m_PrefabInstance: {fileID: 0}
  m_PrefabAsset: {fileID: 0}
  m_GameObject: {fileID: 4074654434803166496}
  m_Enabled: 1
  m_EditorHideFlags: 0
  m_Script: {fileID: 11500000, guid: 58ad339e8db047898fea41ac7e64ec92, type: 3}
  m_Name: 
  m_EditorClassIdentifier: 
  respawnManager: {fileID: 11400000, guid: b501609a9192df84393a37218951a6ef, type: 2}
  weatherManager: {fileID: 11400000, guid: 51d6744d0942f2c4a916fb2e6a5e9003, type: 2}
