%YAML 1.1
%TAG !u! tag:unity3d.com,2011:
--- !u!29 &1
OcclusionCullingSettings:
  m_ObjectHideFlags: 0
  serializedVersion: 2
  m_OcclusionBakeSettings:
    smallestOccluder: 5
    smallestHole: 0.25
    backfaceThreshold: 100
  m_SceneGUID: 00000000000000000000000000000000
  m_OcclusionCullingData: {fileID: 0}
--- !u!104 &2
RenderSettings:
  m_ObjectHideFlags: 0
  serializedVersion: 9
  m_Fog: 0
  m_FogColor: {r: 0.5, g: 0.5, b: 0.5, a: 1}
  m_FogMode: 3
  m_FogDensity: 0.01
  m_LinearFogStart: 0
  m_LinearFogEnd: 300
  m_AmbientSkyColor: {r: 0.212, g: 0.227, b: 0.259, a: 1}
  m_AmbientEquatorColor: {r: 0.114, g: 0.125, b: 0.133, a: 1}
  m_AmbientGroundColor: {r: 0.047, g: 0.043, b: 0.035, a: 1}
  m_AmbientIntensity: 1
  m_AmbientMode: 0
  m_SubtractiveShadowColor: {r: 0.42, g: 0.478, b: 0.627, a: 1}
  m_SkyboxMaterial: {fileID: 0}
  m_HaloStrength: 0.5
  m_FlareStrength: 1
  m_FlareFadeSpeed: 3
  m_HaloTexture: {fileID: 0}
  m_SpotCookie: {fileID: 10001, guid: 0000000000000000e000000000000000, type: 0}
  m_DefaultReflectionMode: 0
  m_DefaultReflectionResolution: 128
  m_ReflectionBounces: 1
  m_ReflectionIntensity: 1
  m_CustomReflection: {fileID: 0}
  m_Sun: {fileID: 0}
  m_IndirectSpecularColor: {r: 0, g: 0, b: 0, a: 1}
  m_UseRadianceAmbientProbe: 0
--- !u!157 &3
LightmapSettings:
  m_ObjectHideFlags: 0
  serializedVersion: 12
  m_GIWorkflowMode: 1
  m_GISettings:
    serializedVersion: 2
    m_BounceScale: 1
    m_IndirectOutputScale: 1
    m_AlbedoBoost: 1
    m_EnvironmentLightingMode: 0
    m_EnableBakedLightmaps: 1
    m_EnableRealtimeLightmaps: 0
  m_LightmapEditorSettings:
    serializedVersion: 12
    m_Resolution: 2
    m_BakeResolution: 40
    m_AtlasSize: 1024
    m_AO: 0
    m_AOMaxDistance: 1
    m_CompAOExponent: 1
    m_CompAOExponentDirect: 0
    m_ExtractAmbientOcclusion: 0
    m_Padding: 2
    m_LightmapParameters: {fileID: 0}
    m_LightmapsBakeMode: 1
    m_TextureCompression: 1
    m_FinalGather: 0
    m_FinalGatherFiltering: 1
    m_FinalGatherRayCount: 256
    m_ReflectionCompression: 2
    m_MixedBakeMode: 2
    m_BakeBackend: 1
    m_PVRSampling: 1
    m_PVRDirectSampleCount: 32
    m_PVRSampleCount: 512
    m_PVRBounces: 2
    m_PVREnvironmentSampleCount: 256
    m_PVREnvironmentReferencePointCount: 2048
    m_PVRFilteringMode: 1
    m_PVRDenoiserTypeDirect: 1
    m_PVRDenoiserTypeIndirect: 1
    m_PVRDenoiserTypeAO: 1
    m_PVRFilterTypeDirect: 0
    m_PVRFilterTypeIndirect: 0
    m_PVRFilterTypeAO: 0
    m_PVREnvironmentMIS: 1
    m_PVRCulling: 1
    m_PVRFilteringGaussRadiusDirect: 1
    m_PVRFilteringGaussRadiusIndirect: 5
    m_PVRFilteringGaussRadiusAO: 2
    m_PVRFilteringAtrousPositionSigmaDirect: 0.5
    m_PVRFilteringAtrousPositionSigmaIndirect: 2
    m_PVRFilteringAtrousPositionSigmaAO: 1
    m_ExportTrainingData: 0
    m_TrainingDataDestination: TrainingData
    m_LightProbeSampleCountMultiplier: 4
  m_LightingDataAsset: {fileID: 0}
  m_LightingSettings: {fileID: 0}
--- !u!196 &4
NavMeshSettings:
  serializedVersion: 2
  m_ObjectHideFlags: 0
  m_BuildSettings:
    serializedVersion: 2
    agentTypeID: 0
    agentRadius: 0.5
    agentHeight: 2
    agentSlope: 45
    agentClimb: 0.4
    ledgeDropHeight: 0
    maxJumpAcrossDistance: 0
    minRegionArea: 2
    manualCellSize: 0
    cellSize: 0.16666667
    manualTileSize: 0
    tileSize: 256
    accuratePlacement: 0
    maxJobWorkers: 0
    preserveTilesOutsideBounds: 0
    debug:
      m_Flags: 0
  m_NavMeshData: {fileID: 0}
--- !u!1 &27032777
GameObject:
  m_ObjectHideFlags: 0
  m_CorrespondingSourceObject: {fileID: 0}
  m_PrefabInstance: {fileID: 0}
  m_PrefabAsset: {fileID: 0}
  serializedVersion: 6
  m_Component:
  - component: {fileID: 27032779}
  - component: {fileID: 27032778}
  m_Layer: 0
  m_Name: Maelstrom
  m_TagString: Untagged
  m_Icon: {fileID: 0}
  m_NavMeshLayer: 0
  m_StaticEditorFlags: 0
  m_IsActive: 1
--- !u!114 &27032778
MonoBehaviour:
  m_ObjectHideFlags: 0
  m_CorrespondingSourceObject: {fileID: 0}
  m_PrefabInstance: {fileID: 0}
  m_PrefabAsset: {fileID: 0}
  m_GameObject: {fileID: 27032777}
  m_Enabled: 1
  m_EditorHideFlags: 0
  m_Script: {fileID: 11500000, guid: e1af895f8f86c2547a6dfa403ea77f6a, type: 3}
  m_Name: 
  m_EditorClassIdentifier: 
  _amplitude: 35
  _radius: 350
  _eyeRadius: 0
  _maxSpeed: 20
  _createDisplacement: 1
  _createFlow: 1
  _createDynWavesDampen: 1
--- !u!4 &27032779
Transform:
  m_ObjectHideFlags: 0
  m_CorrespondingSourceObject: {fileID: 0}
  m_PrefabInstance: {fileID: 0}
  m_PrefabAsset: {fileID: 0}
  m_GameObject: {fileID: 27032777}
  m_LocalRotation: {x: -0, y: -0.49200282, z: -0, w: 0.8705936}
  m_LocalPosition: {x: 169.2, y: 0.89, z: 218.9}
  m_LocalScale: {x: 1, y: 1, z: 1}
  m_Children:
  - {fileID: 1460797645}
  m_Father: {fileID: 0}
  m_RootOrder: 3
  m_LocalEulerAnglesHint: {x: 0, y: -58.945, z: 0}
--- !u!1 &131430917
GameObject:
  m_ObjectHideFlags: 0
  m_CorrespondingSourceObject: {fileID: 0}
  m_PrefabInstance: {fileID: 0}
  m_PrefabAsset: {fileID: 0}
  serializedVersion: 6
  m_Component:
  - component: {fileID: 131430918}
  m_Layer: 0
  m_Name: Dual rock
  m_TagString: Untagged
  m_Icon: {fileID: 0}
  m_NavMeshLayer: 0
  m_StaticEditorFlags: 0
  m_IsActive: 1
--- !u!4 &131430918
Transform:
  m_ObjectHideFlags: 0
  m_CorrespondingSourceObject: {fileID: 0}
  m_PrefabInstance: {fileID: 0}
  m_PrefabAsset: {fileID: 0}
  m_GameObject: {fileID: 131430917}
  m_LocalRotation: {x: -0, y: -0.49200282, z: -0, w: 0.8705936}
  m_LocalPosition: {x: -25.8, y: 1.5, z: 232.1}
  m_LocalScale: {x: 1, y: 1, z: 1}
  m_Children:
  - {fileID: 1560027239}
  - {fileID: 1764025521}
  m_Father: {fileID: 0}
  m_RootOrder: 1
  m_LocalEulerAnglesHint: {x: 0, y: -58.945, z: 0}
--- !u!1 &269752952
GameObject:
  m_ObjectHideFlags: 0
  m_CorrespondingSourceObject: {fileID: 0}
  m_PrefabInstance: {fileID: 0}
  m_PrefabAsset: {fileID: 0}
  serializedVersion: 6
  m_Component:
  - component: {fileID: 269752954}
  - component: {fileID: 269752953}
  - component: {fileID: 269752955}
  m_Layer: 10
  m_Name: Calm Calm Waves
  m_TagString: Untagged
  m_Icon: {fileID: 0}
  m_NavMeshLayer: 0
  m_StaticEditorFlags: 0
  m_IsActive: 1
--- !u!114 &269752953
MonoBehaviour:
  m_ObjectHideFlags: 0
  m_CorrespondingSourceObject: {fileID: 0}
  m_PrefabInstance: {fileID: 0}
  m_PrefabAsset: {fileID: 0}
  m_GameObject: {fileID: 269752952}
  m_Enabled: 1
  m_EditorHideFlags: 0
  m_Script: {fileID: 11500000, guid: 828c14a84e0845c3b56ad97d134fd17b, type: 3}
  m_Name: 
  m_EditorClassIdentifier: 
  manager: {fileID: 11400000, guid: 51d6744d0942f2c4a916fb2e6a5e9003, type: 2}
  targetWaves: {fileID: 11400000, guid: 99635f76d7e62f14584e21ace657345d, type: 2}
  transitionDuration: 10
--- !u!4 &269752954
Transform:
  m_ObjectHideFlags: 0
  m_CorrespondingSourceObject: {fileID: 0}
  m_PrefabInstance: {fileID: 0}
  m_PrefabAsset: {fileID: 0}
  m_GameObject: {fileID: 269752952}
  m_LocalRotation: {x: -0, y: 0.4763511, z: -0, w: 0.87925524}
  m_LocalPosition: {x: -24.2, y: 14.5, z: -23}
  m_LocalScale: {x: 1, y: 1, z: 1}
  m_Children: []
  m_Father: {fileID: 623445854}
  m_RootOrder: 0
  m_LocalEulerAnglesHint: {x: 0, y: 56.895, z: 0}
--- !u!65 &269752955
BoxCollider:
  m_ObjectHideFlags: 0
  m_CorrespondingSourceObject: {fileID: 0}
  m_PrefabInstance: {fileID: 0}
  m_PrefabAsset: {fileID: 0}
  m_GameObject: {fileID: 269752952}
  m_Material: {fileID: 0}
  m_IsTrigger: 1
  m_Enabled: 1
  serializedVersion: 2
  m_Size: {x: 1, y: 50, z: 100}
  m_Center: {x: 0, y: 0, z: 0}
--- !u!1001 &286943212
PrefabInstance:
  m_ObjectHideFlags: 0
  serializedVersion: 2
  m_Modification:
    m_TransformParent: {fileID: 493517436}
    m_Modifications:
    - target: {fileID: 474604638437779176, guid: fa86efc5b89d1644fa84738d6b3e9007, type: 3}
      propertyPath: m_Name
      value: Rock 2
      objectReference: {fileID: 0}
    - target: {fileID: 999221649937431634, guid: fa86efc5b89d1644fa84738d6b3e9007, type: 3}
      propertyPath: m_RootOrder
      value: 2
      objectReference: {fileID: 0}
    - target: {fileID: 999221649937431634, guid: fa86efc5b89d1644fa84738d6b3e9007, type: 3}
      propertyPath: m_LocalScale.x
      value: 5
      objectReference: {fileID: 0}
    - target: {fileID: 999221649937431634, guid: fa86efc5b89d1644fa84738d6b3e9007, type: 3}
      propertyPath: m_LocalScale.y
      value: 5
      objectReference: {fileID: 0}
    - target: {fileID: 999221649937431634, guid: fa86efc5b89d1644fa84738d6b3e9007, type: 3}
      propertyPath: m_LocalScale.z
      value: 5
      objectReference: {fileID: 0}
    - target: {fileID: 999221649937431634, guid: fa86efc5b89d1644fa84738d6b3e9007, type: 3}
      propertyPath: m_LocalPosition.x
      value: 1.7000008
      objectReference: {fileID: 0}
    - target: {fileID: 999221649937431634, guid: fa86efc5b89d1644fa84738d6b3e9007, type: 3}
      propertyPath: m_LocalPosition.y
      value: -18.1
      objectReference: {fileID: 0}
    - target: {fileID: 999221649937431634, guid: fa86efc5b89d1644fa84738d6b3e9007, type: 3}
      propertyPath: m_LocalPosition.z
      value: -36
      objectReference: {fileID: 0}
    - target: {fileID: 999221649937431634, guid: fa86efc5b89d1644fa84738d6b3e9007, type: 3}
      propertyPath: m_LocalRotation.w
      value: 0.6383791
      objectReference: {fileID: 0}
    - target: {fileID: 999221649937431634, guid: fa86efc5b89d1644fa84738d6b3e9007, type: 3}
      propertyPath: m_LocalRotation.x
      value: -0.6383792
      objectReference: {fileID: 0}
    - target: {fileID: 999221649937431634, guid: fa86efc5b89d1644fa84738d6b3e9007, type: 3}
      propertyPath: m_LocalRotation.y
      value: 0.3040922
      objectReference: {fileID: 0}
    - target: {fileID: 999221649937431634, guid: fa86efc5b89d1644fa84738d6b3e9007, type: 3}
      propertyPath: m_LocalRotation.z
      value: -0.30409223
      objectReference: {fileID: 0}
    - target: {fileID: 999221649937431634, guid: fa86efc5b89d1644fa84738d6b3e9007, type: 3}
      propertyPath: m_LocalEulerAnglesHint.x
      value: -140.942
      objectReference: {fileID: 0}
    - target: {fileID: 999221649937431634, guid: fa86efc5b89d1644fa84738d6b3e9007, type: 3}
      propertyPath: m_LocalEulerAnglesHint.y
      value: -90
      objectReference: {fileID: 0}
    - target: {fileID: 999221649937431634, guid: fa86efc5b89d1644fa84738d6b3e9007, type: 3}
      propertyPath: m_LocalEulerAnglesHint.z
      value: 90
      objectReference: {fileID: 0}
    m_RemovedComponents: []
  m_SourcePrefab: {fileID: 100100000, guid: fa86efc5b89d1644fa84738d6b3e9007, type: 3}
--- !u!4 &286943213 stripped
Transform:
  m_CorrespondingSourceObject: {fileID: 0}
  m_PrefabInstance: {fileID: 286943212}
  m_PrefabAsset: {fileID: 0}
--- !u!1001 &370914761
PrefabInstance:
  m_ObjectHideFlags: 0
  serializedVersion: 2
  m_Modification:
    m_TransformParent: {fileID: 1403499491}
    m_Modifications:
    - target: {fileID: 2043587658063371169, guid: f834cc89c1c9e86418c83ad34ee1e1d7, type: 3}
      propertyPath: m_RootOrder
      value: 4
      objectReference: {fileID: 0}
    - target: {fileID: 2043587658063371169, guid: f834cc89c1c9e86418c83ad34ee1e1d7, type: 3}
      propertyPath: m_LocalScale.x
      value: 5
      objectReference: {fileID: 0}
    - target: {fileID: 2043587658063371169, guid: f834cc89c1c9e86418c83ad34ee1e1d7, type: 3}
      propertyPath: m_LocalScale.y
      value: 5
      objectReference: {fileID: 0}
    - target: {fileID: 2043587658063371169, guid: f834cc89c1c9e86418c83ad34ee1e1d7, type: 3}
      propertyPath: m_LocalScale.z
      value: 5
      objectReference: {fileID: 0}
    - target: {fileID: 2043587658063371169, guid: f834cc89c1c9e86418c83ad34ee1e1d7, type: 3}
      propertyPath: m_LocalPosition.x
      value: 0
      objectReference: {fileID: 0}
    - target: {fileID: 2043587658063371169, guid: f834cc89c1c9e86418c83ad34ee1e1d7, type: 3}
      propertyPath: m_LocalPosition.y
      value: 0
      objectReference: {fileID: 0}
    - target: {fileID: 2043587658063371169, guid: f834cc89c1c9e86418c83ad34ee1e1d7, type: 3}
      propertyPath: m_LocalPosition.z
      value: 0
      objectReference: {fileID: 0}
    - target: {fileID: 2043587658063371169, guid: f834cc89c1c9e86418c83ad34ee1e1d7, type: 3}
      propertyPath: m_LocalRotation.w
      value: 0.7326489
      objectReference: {fileID: 0}
    - target: {fileID: 2043587658063371169, guid: f834cc89c1c9e86418c83ad34ee1e1d7, type: 3}
      propertyPath: m_LocalRotation.x
      value: 0.6806068
      objectReference: {fileID: 0}
    - target: {fileID: 2043587658063371169, guid: f834cc89c1c9e86418c83ad34ee1e1d7, type: 3}
      propertyPath: m_LocalRotation.y
      value: -0
      objectReference: {fileID: 0}
    - target: {fileID: 2043587658063371169, guid: f834cc89c1c9e86418c83ad34ee1e1d7, type: 3}
      propertyPath: m_LocalRotation.z
      value: -0
      objectReference: {fileID: 0}
    - target: {fileID: 2043587658063371169, guid: f834cc89c1c9e86418c83ad34ee1e1d7, type: 3}
      propertyPath: m_LocalEulerAnglesHint.x
      value: 85.782
      objectReference: {fileID: 0}
    - target: {fileID: 2043587658063371169, guid: f834cc89c1c9e86418c83ad34ee1e1d7, type: 3}
      propertyPath: m_LocalEulerAnglesHint.y
      value: 0
      objectReference: {fileID: 0}
    - target: {fileID: 2043587658063371169, guid: f834cc89c1c9e86418c83ad34ee1e1d7, type: 3}
      propertyPath: m_LocalEulerAnglesHint.z
      value: 0
      objectReference: {fileID: 0}
    - target: {fileID: 2043587658063371174, guid: f834cc89c1c9e86418c83ad34ee1e1d7, type: 3}
      propertyPath: m_Name
      value: Rock Group 1
      objectReference: {fileID: 0}
    m_RemovedComponents: []
  m_SourcePrefab: {fileID: 100100000, guid: f834cc89c1c9e86418c83ad34ee1e1d7, type: 3}
--- !u!4 &370914762 stripped
Transform:
  m_CorrespondingSourceObject: {fileID: 0}
  m_PrefabInstance: {fileID: 370914761}
  m_PrefabAsset: {fileID: 0}
--- !u!1001 &438342395
PrefabInstance:
  m_ObjectHideFlags: 0
  serializedVersion: 2
  m_Modification:
    m_TransformParent: {fileID: 493517436}
    m_Modifications:
    - target: {fileID: 6339879577025670124, guid: 4dbf665c5fff21a48953b71953554ef0, type: 3}
      propertyPath: m_Name
      value: Rock 3
      objectReference: {fileID: 0}
    - target: {fileID: 6678862771686093142, guid: 4dbf665c5fff21a48953b71953554ef0, type: 3}
      propertyPath: m_RootOrder
      value: 3
      objectReference: {fileID: 0}
    - target: {fileID: 6678862771686093142, guid: 4dbf665c5fff21a48953b71953554ef0, type: 3}
      propertyPath: m_LocalScale.x
      value: 3
      objectReference: {fileID: 0}
    - target: {fileID: 6678862771686093142, guid: 4dbf665c5fff21a48953b71953554ef0, type: 3}
      propertyPath: m_LocalScale.y
      value: 3
      objectReference: {fileID: 0}
    - target: {fileID: 6678862771686093142, guid: 4dbf665c5fff21a48953b71953554ef0, type: 3}
      propertyPath: m_LocalScale.z
      value: 3
      objectReference: {fileID: 0}
    - target: {fileID: 6678862771686093142, guid: 4dbf665c5fff21a48953b71953554ef0, type: 3}
      propertyPath: m_LocalPosition.x
      value: -2.6767807
      objectReference: {fileID: 0}
    - target: {fileID: 6678862771686093142, guid: 4dbf665c5fff21a48953b71953554ef0, type: 3}
      propertyPath: m_LocalPosition.y
      value: -14.530223
      objectReference: {fileID: 0}
    - target: {fileID: 6678862771686093142, guid: 4dbf665c5fff21a48953b71953554ef0, type: 3}
      propertyPath: m_LocalPosition.z
      value: -33.083595
      objectReference: {fileID: 0}
    - target: {fileID: 6678862771686093142, guid: 4dbf665c5fff21a48953b71953554ef0, type: 3}
      propertyPath: m_LocalRotation.w
      value: -0.86494964
      objectReference: {fileID: 0}
    - target: {fileID: 6678862771686093142, guid: 4dbf665c5fff21a48953b71953554ef0, type: 3}
      propertyPath: m_LocalRotation.x
      value: -0.18492731
      objectReference: {fileID: 0}
    - target: {fileID: 6678862771686093142, guid: 4dbf665c5fff21a48953b71953554ef0, type: 3}
      propertyPath: m_LocalRotation.y
      value: -0.44388598
      objectReference: {fileID: 0}
    - target: {fileID: 6678862771686093142, guid: 4dbf665c5fff21a48953b71953554ef0, type: 3}
      propertyPath: m_LocalRotation.z
      value: -0.14362906
      objectReference: {fileID: 0}
    - target: {fileID: 6678862771686093142, guid: 4dbf665c5fff21a48953b71953554ef0, type: 3}
      propertyPath: m_LocalEulerAnglesHint.x
      value: 11.093
      objectReference: {fileID: 0}
    - target: {fileID: 6678862771686093142, guid: 4dbf665c5fff21a48953b71953554ef0, type: 3}
      propertyPath: m_LocalEulerAnglesHint.y
      value: -303.214
      objectReference: {fileID: 0}
    - target: {fileID: 6678862771686093142, guid: 4dbf665c5fff21a48953b71953554ef0, type: 3}
      propertyPath: m_LocalEulerAnglesHint.z
      value: 24.866
      objectReference: {fileID: 0}
    m_RemovedComponents: []
  m_SourcePrefab: {fileID: 100100000, guid: 4dbf665c5fff21a48953b71953554ef0, type: 3}
--- !u!4 &438342396 stripped
Transform:
  m_CorrespondingSourceObject: {fileID: 0}
  m_PrefabInstance: {fileID: 438342395}
  m_PrefabAsset: {fileID: 0}
--- !u!1001 &446571206
PrefabInstance:
  m_ObjectHideFlags: 0
  serializedVersion: 2
  m_Modification:
    m_TransformParent: {fileID: 493517436}
    m_Modifications:
    - target: {fileID: 1524622970882318269, guid: 71277dd17eb47684185de0691caec1df, type: 3}
      propertyPath: m_Name
      value: Rock Group 2
      objectReference: {fileID: 0}
    - target: {fileID: 1524622970882318270, guid: 71277dd17eb47684185de0691caec1df, type: 3}
      propertyPath: m_RootOrder
      value: 0
      objectReference: {fileID: 0}
    - target: {fileID: 1524622970882318270, guid: 71277dd17eb47684185de0691caec1df, type: 3}
      propertyPath: m_LocalScale.x
      value: 10
      objectReference: {fileID: 0}
    - target: {fileID: 1524622970882318270, guid: 71277dd17eb47684185de0691caec1df, type: 3}
      propertyPath: m_LocalScale.y
      value: 10
      objectReference: {fileID: 0}
    - target: {fileID: 1524622970882318270, guid: 71277dd17eb47684185de0691caec1df, type: 3}
      propertyPath: m_LocalScale.z
      value: 10
      objectReference: {fileID: 0}
    - target: {fileID: 1524622970882318270, guid: 71277dd17eb47684185de0691caec1df, type: 3}
      propertyPath: m_LocalPosition.x
      value: -1
      objectReference: {fileID: 0}
    - target: {fileID: 1524622970882318270, guid: 71277dd17eb47684185de0691caec1df, type: 3}
      propertyPath: m_LocalPosition.y
      value: -11.7
      objectReference: {fileID: 0}
    - target: {fileID: 1524622970882318270, guid: 71277dd17eb47684185de0691caec1df, type: 3}
      propertyPath: m_LocalPosition.z
      value: -21.2
      objectReference: {fileID: 0}
    - target: {fileID: 1524622970882318270, guid: 71277dd17eb47684185de0691caec1df, type: 3}
      propertyPath: m_LocalRotation.w
      value: 1
      objectReference: {fileID: 0}
    - target: {fileID: 1524622970882318270, guid: 71277dd17eb47684185de0691caec1df, type: 3}
      propertyPath: m_LocalRotation.x
      value: -0
      objectReference: {fileID: 0}
    - target: {fileID: 1524622970882318270, guid: 71277dd17eb47684185de0691caec1df, type: 3}
      propertyPath: m_LocalRotation.y
      value: -0
      objectReference: {fileID: 0}
    - target: {fileID: 1524622970882318270, guid: 71277dd17eb47684185de0691caec1df, type: 3}
      propertyPath: m_LocalRotation.z
      value: -0
      objectReference: {fileID: 0}
    - target: {fileID: 1524622970882318270, guid: 71277dd17eb47684185de0691caec1df, type: 3}
      propertyPath: m_LocalEulerAnglesHint.x
      value: 0
      objectReference: {fileID: 0}
    - target: {fileID: 1524622970882318270, guid: 71277dd17eb47684185de0691caec1df, type: 3}
      propertyPath: m_LocalEulerAnglesHint.y
      value: 0
      objectReference: {fileID: 0}
    - target: {fileID: 1524622970882318270, guid: 71277dd17eb47684185de0691caec1df, type: 3}
      propertyPath: m_LocalEulerAnglesHint.z
      value: 0
      objectReference: {fileID: 0}
    m_RemovedComponents: []
  m_SourcePrefab: {fileID: 100100000, guid: 71277dd17eb47684185de0691caec1df, type: 3}
--- !u!4 &446571207 stripped
Transform:
  m_CorrespondingSourceObject: {fileID: 0}
  m_PrefabInstance: {fileID: 446571206}
  m_PrefabAsset: {fileID: 0}
--- !u!1 &493517435
GameObject:
  m_ObjectHideFlags: 0
  m_CorrespondingSourceObject: {fileID: 0}
  m_PrefabInstance: {fileID: 0}
  m_PrefabAsset: {fileID: 0}
  serializedVersion: 6
  m_Component:
  - component: {fileID: 493517436}
  m_Layer: 0
  m_Name: Liter rock
  m_TagString: Untagged
  m_Icon: {fileID: 0}
  m_NavMeshLayer: 0
  m_StaticEditorFlags: 0
  m_IsActive: 1
--- !u!4 &493517436
Transform:
  m_ObjectHideFlags: 0
  m_CorrespondingSourceObject: {fileID: 0}
  m_PrefabInstance: {fileID: 0}
  m_PrefabAsset: {fileID: 0}
  m_GameObject: {fileID: 493517435}
  m_LocalRotation: {x: 0, y: 0, z: 0, w: 1}
  m_LocalPosition: {x: 0, y: 0, z: 0}
  m_LocalScale: {x: 1, y: 1, z: 1}
  m_Children:
  - {fileID: 286943213}
  - {fileID: 438342396}
  - {fileID: 446571207}
  - {fileID: 1195527020}
  - {fileID: 1916190961}
  m_Father: {fileID: 854144329}
  m_RootOrder: 2
  m_LocalEulerAnglesHint: {x: 0, y: 0, z: 0}
--- !u!1001 &591089685
PrefabInstance:
  m_ObjectHideFlags: 0
  serializedVersion: 2
  m_Modification:
    m_TransformParent: {fileID: 1777813727}
    m_Modifications:
    - target: {fileID: 474604638437779176, guid: fa86efc5b89d1644fa84738d6b3e9007, type: 3}
      propertyPath: m_Name
      value: Rock 2
      objectReference: {fileID: 0}
    - target: {fileID: 999221649937431634, guid: fa86efc5b89d1644fa84738d6b3e9007, type: 3}
      propertyPath: m_RootOrder
      value: 2
      objectReference: {fileID: 0}
    - target: {fileID: 999221649937431634, guid: fa86efc5b89d1644fa84738d6b3e9007, type: 3}
      propertyPath: m_LocalScale.x
      value: 6
      objectReference: {fileID: 0}
    - target: {fileID: 999221649937431634, guid: fa86efc5b89d1644fa84738d6b3e9007, type: 3}
      propertyPath: m_LocalScale.y
      value: 6
      objectReference: {fileID: 0}
    - target: {fileID: 999221649937431634, guid: fa86efc5b89d1644fa84738d6b3e9007, type: 3}
      propertyPath: m_LocalScale.z
      value: 6
      objectReference: {fileID: 0}
    - target: {fileID: 999221649937431634, guid: fa86efc5b89d1644fa84738d6b3e9007, type: 3}
      propertyPath: m_LocalPosition.x
      value: -46.7
      objectReference: {fileID: 0}
    - target: {fileID: 999221649937431634, guid: fa86efc5b89d1644fa84738d6b3e9007, type: 3}
      propertyPath: m_LocalPosition.y
      value: -18.320223
      objectReference: {fileID: 0}
    - target: {fileID: 999221649937431634, guid: fa86efc5b89d1644fa84738d6b3e9007, type: 3}
      propertyPath: m_LocalPosition.z
      value: 71.556404
      objectReference: {fileID: 0}
    - target: {fileID: 999221649937431634, guid: fa86efc5b89d1644fa84738d6b3e9007, type: 3}
      propertyPath: m_LocalRotation.w
      value: 0.9868614
      objectReference: {fileID: 0}
    - target: {fileID: 999221649937431634, guid: fa86efc5b89d1644fa84738d6b3e9007, type: 3}
      propertyPath: m_LocalRotation.x
      value: -0.16156927
      objectReference: {fileID: 0}
    - target: {fileID: 999221649937431634, guid: fa86efc5b89d1644fa84738d6b3e9007, type: 3}
      propertyPath: m_LocalRotation.y
      value: -0
      objectReference: {fileID: 0}
    - target: {fileID: 999221649937431634, guid: fa86efc5b89d1644fa84738d6b3e9007, type: 3}
      propertyPath: m_LocalRotation.z
      value: -0
      objectReference: {fileID: 0}
    - target: {fileID: 999221649937431634, guid: fa86efc5b89d1644fa84738d6b3e9007, type: 3}
      propertyPath: m_LocalEulerAnglesHint.x
      value: -18.596
      objectReference: {fileID: 0}
    - target: {fileID: 999221649937431634, guid: fa86efc5b89d1644fa84738d6b3e9007, type: 3}
      propertyPath: m_LocalEulerAnglesHint.y
      value: 0
      objectReference: {fileID: 0}
    - target: {fileID: 999221649937431634, guid: fa86efc5b89d1644fa84738d6b3e9007, type: 3}
      propertyPath: m_LocalEulerAnglesHint.z
      value: 0
      objectReference: {fileID: 0}
    m_RemovedComponents: []
  m_SourcePrefab: {fileID: 100100000, guid: fa86efc5b89d1644fa84738d6b3e9007, type: 3}
--- !u!4 &591089686 stripped
Transform:
  m_CorrespondingSourceObject: {fileID: 0}
  m_PrefabInstance: {fileID: 591089685}
  m_PrefabAsset: {fileID: 0}
--- !u!1 &623445853
GameObject:
  m_ObjectHideFlags: 0
  m_CorrespondingSourceObject: {fileID: 0}
  m_PrefabInstance: {fileID: 0}
  m_PrefabAsset: {fileID: 0}
  serializedVersion: 6
  m_Component:
  - component: {fileID: 623445854}
  m_Layer: 0
  m_Name: OceanEvents
  m_TagString: Untagged
  m_Icon: {fileID: 0}
  m_NavMeshLayer: 0
  m_StaticEditorFlags: 0
  m_IsActive: 0
--- !u!4 &623445854
Transform:
  m_ObjectHideFlags: 0
  m_CorrespondingSourceObject: {fileID: 0}
  m_PrefabInstance: {fileID: 0}
  m_PrefabAsset: {fileID: 0}
  m_GameObject: {fileID: 623445853}
  m_LocalRotation: {x: -0, y: -0.49200282, z: -0, w: 0.8705936}
  m_LocalPosition: {x: 9.399994, y: 0, z: 81.3}
  m_LocalScale: {x: 1, y: 1, z: 1}
  m_Children:
  - {fileID: 269752954}
  m_Father: {fileID: 0}
  m_RootOrder: 4
  m_LocalEulerAnglesHint: {x: 0, y: -58.945, z: 0}
--- !u!1001 &665818013
PrefabInstance:
  m_ObjectHideFlags: 0
  serializedVersion: 2
  m_Modification:
    m_TransformParent: {fileID: 1777813727}
    m_Modifications:
    - target: {fileID: 1822205220385847161, guid: 9e6af3a9f93fa9a46ae4632d7a2af9a9, type: 3}
      propertyPath: m_RootOrder
      value: 0
      objectReference: {fileID: 0}
    - target: {fileID: 1822205220385847161, guid: 9e6af3a9f93fa9a46ae4632d7a2af9a9, type: 3}
      propertyPath: m_LocalScale.x
      value: 10
      objectReference: {fileID: 0}
    - target: {fileID: 1822205220385847161, guid: 9e6af3a9f93fa9a46ae4632d7a2af9a9, type: 3}
      propertyPath: m_LocalScale.y
      value: 10
      objectReference: {fileID: 0}
    - target: {fileID: 1822205220385847161, guid: 9e6af3a9f93fa9a46ae4632d7a2af9a9, type: 3}
      propertyPath: m_LocalScale.z
      value: 10
      objectReference: {fileID: 0}
    - target: {fileID: 1822205220385847161, guid: 9e6af3a9f93fa9a46ae4632d7a2af9a9, type: 3}
      propertyPath: m_LocalPosition.x
      value: -36.37322
      objectReference: {fileID: 0}
    - target: {fileID: 1822205220385847161, guid: 9e6af3a9f93fa9a46ae4632d7a2af9a9, type: 3}
      propertyPath: m_LocalPosition.y
      value: -19.3
      objectReference: {fileID: 0}
    - target: {fileID: 1822205220385847161, guid: 9e6af3a9f93fa9a46ae4632d7a2af9a9, type: 3}
      propertyPath: m_LocalPosition.z
      value: 36.9
      objectReference: {fileID: 0}
    - target: {fileID: 1822205220385847161, guid: 9e6af3a9f93fa9a46ae4632d7a2af9a9, type: 3}
      propertyPath: m_LocalRotation.w
      value: 1
      objectReference: {fileID: 0}
    - target: {fileID: 1822205220385847161, guid: 9e6af3a9f93fa9a46ae4632d7a2af9a9, type: 3}
      propertyPath: m_LocalRotation.x
      value: -0
      objectReference: {fileID: 0}
    - target: {fileID: 1822205220385847161, guid: 9e6af3a9f93fa9a46ae4632d7a2af9a9, type: 3}
      propertyPath: m_LocalRotation.y
      value: -0
      objectReference: {fileID: 0}
    - target: {fileID: 1822205220385847161, guid: 9e6af3a9f93fa9a46ae4632d7a2af9a9, type: 3}
      propertyPath: m_LocalRotation.z
      value: -0
      objectReference: {fileID: 0}
    - target: {fileID: 1822205220385847161, guid: 9e6af3a9f93fa9a46ae4632d7a2af9a9, type: 3}
      propertyPath: m_LocalEulerAnglesHint.x
      value: 0
      objectReference: {fileID: 0}
    - target: {fileID: 1822205220385847161, guid: 9e6af3a9f93fa9a46ae4632d7a2af9a9, type: 3}
      propertyPath: m_LocalEulerAnglesHint.y
      value: 0
      objectReference: {fileID: 0}
    - target: {fileID: 1822205220385847161, guid: 9e6af3a9f93fa9a46ae4632d7a2af9a9, type: 3}
      propertyPath: m_LocalEulerAnglesHint.z
      value: 0
      objectReference: {fileID: 0}
    - target: {fileID: 1822205220385847162, guid: 9e6af3a9f93fa9a46ae4632d7a2af9a9, type: 3}
      propertyPath: m_Name
      value: Rock Group 3
      objectReference: {fileID: 0}
    m_RemovedComponents: []
  m_SourcePrefab: {fileID: 100100000, guid: 9e6af3a9f93fa9a46ae4632d7a2af9a9, type: 3}
--- !u!4 &665818014 stripped
Transform:
  m_CorrespondingSourceObject: {fileID: 0}
  m_PrefabInstance: {fileID: 665818013}
  m_PrefabAsset: {fileID: 0}
--- !u!1001 &670550755
PrefabInstance:
  m_ObjectHideFlags: 0
  serializedVersion: 2
  m_Modification:
    m_TransformParent: {fileID: 1403499491}
    m_Modifications:
    - target: {fileID: 6339879577025670124, guid: 4dbf665c5fff21a48953b71953554ef0, type: 3}
      propertyPath: m_Name
      value: Rock 3
      objectReference: {fileID: 0}
    - target: {fileID: 6678862771686093142, guid: 4dbf665c5fff21a48953b71953554ef0, type: 3}
      propertyPath: m_RootOrder
      value: 2
      objectReference: {fileID: 0}
    - target: {fileID: 6678862771686093142, guid: 4dbf665c5fff21a48953b71953554ef0, type: 3}
      propertyPath: m_LocalScale.x
      value: 8
      objectReference: {fileID: 0}
    - target: {fileID: 6678862771686093142, guid: 4dbf665c5fff21a48953b71953554ef0, type: 3}
      propertyPath: m_LocalScale.y
      value: 8
      objectReference: {fileID: 0}
    - target: {fileID: 6678862771686093142, guid: 4dbf665c5fff21a48953b71953554ef0, type: 3}
      propertyPath: m_LocalScale.z
      value: 8
      objectReference: {fileID: 0}
    - target: {fileID: 6678862771686093142, guid: 4dbf665c5fff21a48953b71953554ef0, type: 3}
      propertyPath: m_LocalPosition.x
      value: 32.4
      objectReference: {fileID: 0}
    - target: {fileID: 6678862771686093142, guid: 4dbf665c5fff21a48953b71953554ef0, type: 3}
      propertyPath: m_LocalPosition.y
      value: 1.2
      objectReference: {fileID: 0}
    - target: {fileID: 6678862771686093142, guid: 4dbf665c5fff21a48953b71953554ef0, type: 3}
      propertyPath: m_LocalPosition.z
      value: 3.2999954
      objectReference: {fileID: 0}
    - target: {fileID: 6678862771686093142, guid: 4dbf665c5fff21a48953b71953554ef0, type: 3}
      propertyPath: m_LocalRotation.w
      value: -0.14479803
      objectReference: {fileID: 0}
    - target: {fileID: 6678862771686093142, guid: 4dbf665c5fff21a48953b71953554ef0, type: 3}
      propertyPath: m_LocalRotation.x
      value: 0.80061656
      objectReference: {fileID: 0}
    - target: {fileID: 6678862771686093142, guid: 4dbf665c5fff21a48953b71953554ef0, type: 3}
      propertyPath: m_LocalRotation.y
      value: 0.21452421
      objectReference: {fileID: 0}
    - target: {fileID: 6678862771686093142, guid: 4dbf665c5fff21a48953b71953554ef0, type: 3}
      propertyPath: m_LocalRotation.z
      value: -0.5403944
      objectReference: {fileID: 0}
    - target: {fileID: 6678862771686093142, guid: 4dbf665c5fff21a48953b71953554ef0, type: 3}
      propertyPath: m_LocalEulerAnglesHint.x
      value: 0
      objectReference: {fileID: 0}
    - target: {fileID: 6678862771686093142, guid: 4dbf665c5fff21a48953b71953554ef0, type: 3}
      propertyPath: m_LocalEulerAnglesHint.y
      value: -111.963
      objectReference: {fileID: 0}
    - target: {fileID: 6678862771686093142, guid: 4dbf665c5fff21a48953b71953554ef0, type: 3}
      propertyPath: m_LocalEulerAnglesHint.z
      value: -210
      objectReference: {fileID: 0}
    m_RemovedComponents: []
  m_SourcePrefab: {fileID: 100100000, guid: 4dbf665c5fff21a48953b71953554ef0, type: 3}
--- !u!4 &670550756 stripped
Transform:
  m_CorrespondingSourceObject: {fileID: 0}
  m_PrefabInstance: {fileID: 670550755}
  m_PrefabAsset: {fileID: 0}
--- !u!1001 &715586768
PrefabInstance:
  m_ObjectHideFlags: 0
  serializedVersion: 2
  m_Modification:
    m_TransformParent: {fileID: 1777813727}
    m_Modifications:
    - target: {fileID: 7230837678429210821, guid: 8709f5b430e77f94eb6682dc236a9cf4, type: 3}
      propertyPath: m_Name
      value: Rock 1
      objectReference: {fileID: 0}
    - target: {fileID: 8003679537386279551, guid: 8709f5b430e77f94eb6682dc236a9cf4, type: 3}
      propertyPath: m_RootOrder
      value: 3
      objectReference: {fileID: 0}
    - target: {fileID: 8003679537386279551, guid: 8709f5b430e77f94eb6682dc236a9cf4, type: 3}
      propertyPath: m_LocalScale.x
      value: 15
      objectReference: {fileID: 0}
    - target: {fileID: 8003679537386279551, guid: 8709f5b430e77f94eb6682dc236a9cf4, type: 3}
      propertyPath: m_LocalScale.y
      value: 15
      objectReference: {fileID: 0}
    - target: {fileID: 8003679537386279551, guid: 8709f5b430e77f94eb6682dc236a9cf4, type: 3}
      propertyPath: m_LocalScale.z
      value: 15
      objectReference: {fileID: 0}
    - target: {fileID: 8003679537386279551, guid: 8709f5b430e77f94eb6682dc236a9cf4, type: 3}
      propertyPath: m_LocalPosition.x
      value: -43.2
      objectReference: {fileID: 0}
    - target: {fileID: 8003679537386279551, guid: 8709f5b430e77f94eb6682dc236a9cf4, type: 3}
      propertyPath: m_LocalPosition.y
      value: -19.520224
      objectReference: {fileID: 0}
    - target: {fileID: 8003679537386279551, guid: 8709f5b430e77f94eb6682dc236a9cf4, type: 3}
      propertyPath: m_LocalPosition.z
      value: 64.3564
      objectReference: {fileID: 0}
    - target: {fileID: 8003679537386279551, guid: 8709f5b430e77f94eb6682dc236a9cf4, type: 3}
      propertyPath: m_LocalRotation.w
      value: -0.06977781
      objectReference: {fileID: 0}
    - target: {fileID: 8003679537386279551, guid: 8709f5b430e77f94eb6682dc236a9cf4, type: 3}
      propertyPath: m_LocalRotation.x
      value: -0.001459409
      objectReference: {fileID: 0}
    - target: {fileID: 8003679537386279551, guid: 8709f5b430e77f94eb6682dc236a9cf4, type: 3}
      propertyPath: m_LocalRotation.y
      value: -0.9307999
      objectReference: {fileID: 0}
    - target: {fileID: 8003679537386279551, guid: 8709f5b430e77f94eb6682dc236a9cf4, type: 3}
      propertyPath: m_LocalRotation.z
      value: -0.3588043
      objectReference: {fileID: 0}
    - target: {fileID: 8003679537386279551, guid: 8709f5b430e77f94eb6682dc236a9cf4, type: 3}
      propertyPath: m_LocalEulerAnglesHint.x
      value: -138.107
      objectReference: {fileID: 0}
    - target: {fileID: 8003679537386279551, guid: 8709f5b430e77f94eb6682dc236a9cf4, type: 3}
      propertyPath: m_LocalEulerAnglesHint.y
      value: -10.132019
      objectReference: {fileID: 0}
    - target: {fileID: 8003679537386279551, guid: 8709f5b430e77f94eb6682dc236a9cf4, type: 3}
      propertyPath: m_LocalEulerAnglesHint.z
      value: -175.933
      objectReference: {fileID: 0}
    m_RemovedComponents: []
  m_SourcePrefab: {fileID: 100100000, guid: 8709f5b430e77f94eb6682dc236a9cf4, type: 3}
--- !u!4 &715586769 stripped
Transform:
  m_CorrespondingSourceObject: {fileID: 0}
  m_PrefabInstance: {fileID: 715586768}
  m_PrefabAsset: {fileID: 0}
--- !u!1 &766996454
GameObject:
  m_ObjectHideFlags: 0
  m_CorrespondingSourceObject: {fileID: 0}
  m_PrefabInstance: {fileID: 0}
  m_PrefabAsset: {fileID: 0}
  serializedVersion: 6
  m_Component:
  - component: {fileID: 766996455}
  - component: {fileID: 766996457}
  - component: {fileID: 766996456}
  m_Layer: 0
  m_Name: Spot Light
  m_TagString: Untagged
  m_Icon: {fileID: 0}
  m_NavMeshLayer: 0
  m_StaticEditorFlags: 0
  m_IsActive: 1
--- !u!4 &766996455
Transform:
  m_ObjectHideFlags: 0
  m_CorrespondingSourceObject: {fileID: 0}
  m_PrefabInstance: {fileID: 0}
  m_PrefabAsset: {fileID: 0}
  m_GameObject: {fileID: 766996454}
  m_LocalRotation: {x: 0.06194336, y: -0.26679674, z: 0.023157913, w: 0.9614813}
  m_LocalPosition: {x: -2.58, y: 12.1, z: -21.47}
  m_LocalScale: {x: 1, y: 1, z: 1}
  m_Children: []
  m_Father: {fileID: 854144329}
  m_RootOrder: 0
  m_LocalEulerAnglesHint: {x: 7.555, y: -30.973, z: 0.663}
--- !u!114 &766996456
MonoBehaviour:
  m_ObjectHideFlags: 0
  m_CorrespondingSourceObject: {fileID: 0}
  m_PrefabInstance: {fileID: 0}
  m_PrefabAsset: {fileID: 0}
  m_GameObject: {fileID: 766996454}
  m_Enabled: 1
  m_EditorHideFlags: 0
  m_Script: {fileID: 11500000, guid: 7a68c43fe1f2a47cfa234b5eeaa98012, type: 3}
  m_Name: 
  m_EditorClassIdentifier: 
  m_Intensity: 1200
  m_EnableSpotReflector: 1
  m_LuxAtDistance: 750
  m_InnerSpotPercent: 40
  m_SpotIESCutoffPercent: 100
  m_LightDimmer: 1
  m_VolumetricDimmer: 8
  m_LightUnit: 2
  m_FadeDistance: 10000
  m_VolumetricFadeDistance: 100000
  m_AffectDiffuse: 1
  m_AffectSpecular: 1
  m_NonLightmappedOnly: 0
  m_ShapeWidth: 0.5
  m_ShapeHeight: 0.5
  m_AspectRatio: 1
  m_ShapeRadius: 2.5
  m_SoftnessScale: 1
  m_UseCustomSpotLightShadowCone: 0
  m_CustomSpotLightShadowCone: 3
  m_MaxSmoothness: 0.99
  m_ApplyRangeAttenuation: 1
  m_DisplayAreaLightEmissiveMesh: 0
  m_AreaLightCookie: {fileID: 0}
  m_IESPoint: {fileID: 0}
  m_IESSpot: {fileID: 0}
  m_IncludeForRayTracing: 1
  m_AreaLightShadowCone: 120
  m_UseScreenSpaceShadows: 0
  m_InteractsWithSky: 1
  m_AngularDiameter: 0.5
  m_FlareSize: 2
  m_FlareTint: {r: 1, g: 1, b: 1, a: 1}
  m_FlareFalloff: 4
  m_SurfaceTexture: {fileID: 0}
  m_SurfaceTint: {r: 1, g: 1, b: 1, a: 1}
  m_Distance: 1.5e+11
  m_UseRayTracedShadows: 0
  m_NumRayTracingSamples: 4
  m_FilterTracedShadow: 1
  m_FilterSizeTraced: 16
  m_SunLightConeAngle: 0.5
  m_LightShadowRadius: 0.5
  m_SemiTransparentShadow: 0
  m_ColorShadow: 1
  m_DistanceBasedFiltering: 0
  m_EvsmExponent: 15
  m_EvsmLightLeakBias: 0
  m_EvsmVarianceBias: 0.00001
  m_EvsmBlurPasses: 0
  m_LightlayersMask: 1
  m_LinkShadowLayers: 1
  m_ShadowNearPlane: 10
  m_BlockerSampleCount: 24
  m_FilterSampleCount: 16
  m_MinFilterSize: 0.1
  m_KernelSize: 5
  m_LightAngle: 1
  m_MaxDepthBias: 0.001
  m_ShadowResolution:
    m_Override: 512
    m_UseOverride: 0
    m_Level: 1
  m_ShadowDimmer: 1
  m_VolumetricShadowDimmer: 1
  m_ShadowFadeDistance: 10000
  m_UseContactShadow:
    m_Override: 0
    m_UseOverride: 1
    m_Level: 0
  m_RayTracedContactShadow: 0
  m_ShadowTint: {r: 0, g: 0, b: 0, a: 1}
  m_PenumbraTint: 0
  m_NormalBias: 0.75
  m_SlopeBias: 0.5
  m_ShadowUpdateMode: 0
  m_AlwaysDrawDynamicShadows: 0
  m_UpdateShadowOnLightMovement: 0
  m_CachedShadowTranslationThreshold: 0.01
  m_CachedShadowAngularThreshold: 0.5
  m_BarnDoorAngle: 90
  m_BarnDoorLength: 0.05
  m_preserveCachedShadow: 0
  m_OnDemandShadowRenderOnPlacement: 1
  m_ShadowCascadeRatios:
  - 0.05
  - 0.2
  - 0.3
  m_ShadowCascadeBorders:
  - 0.2
  - 0.2
  - 0.2
  - 0.2
  m_ShadowAlgorithm: 0
  m_ShadowVariant: 0
  m_ShadowPrecision: 0
  useOldInspector: 0
  useVolumetric: 1
  featuresFoldout: 1
  showAdditionalSettings: 0
  m_AreaLightEmissiveMeshShadowCastingMode: 0
  m_AreaLightEmissiveMeshMotionVectorGenerationMode: 0
  m_AreaLightEmissiveMeshLayer: -1
  m_Version: 11
  m_ObsoleteShadowResolutionTier: 1
  m_ObsoleteUseShadowQualitySettings: 0
  m_ObsoleteCustomShadowResolution: 512
  m_ObsoleteContactShadows: 0
  m_PointlightHDType: 0
  m_SpotLightShape: 0
  m_AreaLightShape: 0
--- !u!108 &766996457
Light:
  m_ObjectHideFlags: 0
  m_CorrespondingSourceObject: {fileID: 0}
  m_PrefabInstance: {fileID: 0}
  m_PrefabAsset: {fileID: 0}
  m_GameObject: {fileID: 766996454}
  m_Enabled: 1
  serializedVersion: 10
  m_Type: 0
  m_Shape: 0
  m_Color: {r: 1, g: 1, b: 1, a: 1}
  m_Intensity: 675000000
  m_Range: 10000
  m_SpotAngle: 35
  m_InnerSpotAngle: 3
  m_CookieSize: 10
  m_Shadows:
    m_Type: 1
    m_Resolution: -1
    m_CustomResolution: -1
    m_Strength: 1
    m_Bias: 0.05
    m_NormalBias: 0.4
    m_NearPlane: 0.2
    m_CullingMatrixOverride:
      e00: 4
      e01: 0
      e02: 0
      e03: 0
      e10: 0
      e11: 4
      e12: 0
      e13: 0
      e20: 0
      e21: 0
      e22: 0.0040008
      e23: -1.0004001
      e30: 0
      e31: 0
      e32: 0
      e33: 1
    m_UseCullingMatrixOverride: 0
  m_Cookie: {fileID: 0}
  m_DrawHalo: 0
  m_Flare: {fileID: 0}
  m_RenderMode: 0
  m_CullingMask:
    serializedVersion: 2
    m_Bits: 4294967295
  m_RenderingLayerMask: 1
  m_Lightmapping: 1
  m_LightShadowCasterMode: 2
  m_AreaSize: {x: 0.5, y: 0.5}
  m_BounceIntensity: 1
  m_ColorTemperature: 3500
  m_UseColorTemperature: 1
  m_BoundingSphereOverride: {x: 0, y: 0, z: 250, w: 250.00024}
  m_UseBoundingSphereOverride: 0
  m_UseViewFrustumForShadowCasterCull: 1
  m_ShadowRadius: 2.5
  m_ShadowAngle: 0
--- !u!1 &854144328
GameObject:
  m_ObjectHideFlags: 0
  m_CorrespondingSourceObject: {fileID: 0}
  m_PrefabInstance: {fileID: 0}
  m_PrefabAsset: {fileID: 0}
  serializedVersion: 6
  m_Component:
  - component: {fileID: 854144329}
  m_Layer: 0
  m_Name: Lighthouse
  m_TagString: Untagged
  m_Icon: {fileID: 0}
  m_NavMeshLayer: 0
  m_StaticEditorFlags: 0
  m_IsActive: 1
--- !u!4 &854144329
Transform:
  m_ObjectHideFlags: 0
  m_CorrespondingSourceObject: {fileID: 0}
  m_PrefabInstance: {fileID: 0}
  m_PrefabAsset: {fileID: 0}
  m_GameObject: {fileID: 854144328}
  m_LocalRotation: {x: -0, y: -0.49200282, z: -0, w: 0.8705936}
  m_LocalPosition: {x: 27.926788, y: 17.320223, z: 123.24359}
  m_LocalScale: {x: 1, y: 1, z: 1}
  m_Children:
  - {fileID: 766996455}
  - {fileID: 1777813727}
  - {fileID: 493517436}
  m_Father: {fileID: 0}
  m_RootOrder: 0
  m_LocalEulerAnglesHint: {x: 0, y: -58.945, z: 0}
--- !u!1 &995005366
GameObject:
  m_ObjectHideFlags: 0
  m_CorrespondingSourceObject: {fileID: 0}
  m_PrefabInstance: {fileID: 0}
  m_PrefabAsset: {fileID: 0}
  serializedVersion: 6
  m_Component:
  - component: {fileID: 995005368}
  - component: {fileID: 995005367}
  m_Layer: 0
  m_Name: WwiseGlobal
  m_TagString: Untagged
  m_Icon: {fileID: 0}
  m_NavMeshLayer: 0
  m_StaticEditorFlags: 0
  m_IsActive: 1
--- !u!114 &995005367
MonoBehaviour:
  m_ObjectHideFlags: 0
  m_CorrespondingSourceObject: {fileID: 0}
  m_PrefabInstance: {fileID: 0}
  m_PrefabAsset: {fileID: 0}
  m_GameObject: {fileID: 995005366}
  m_Enabled: 1
  m_EditorHideFlags: 0
  m_Script: {fileID: 11500000, guid: febddf81094d840458ede2af3b54db89, type: 3}
  m_Name: 
  m_EditorClassIdentifier: 
  InitializationSettings: {fileID: 11400000, guid: 1d51eabd0bdc909408563bb8b220a12d, type: 2}
  basePath: 
  language: 
  defaultPoolSize: 0
  lowerPoolSize: 0
  streamingPoolSize: 0
  memoryCutoffThreshold: 0
  monitorPoolSize: 0
  monitorQueuePoolSize: 0
  callbackManagerBufferSize: 0
  spatialAudioPoolSize: 0
  maxSoundPropagationDepth: 0
  engineLogging: 0
--- !u!4 &995005368
Transform:
  m_ObjectHideFlags: 0
  m_CorrespondingSourceObject: {fileID: 0}
  m_PrefabInstance: {fileID: 0}
  m_PrefabAsset: {fileID: 0}
  m_GameObject: {fileID: 995005366}
  m_LocalRotation: {x: 0, y: 0, z: 0, w: 1}
  m_LocalPosition: {x: 0, y: 0, z: 0}
  m_LocalScale: {x: 1, y: 1, z: 1}
  m_Children: []
  m_Father: {fileID: 0}
  m_RootOrder: 5
  m_LocalEulerAnglesHint: {x: 0, y: 0, z: 0}
--- !u!1001 &1195527019
PrefabInstance:
  m_ObjectHideFlags: 0
  serializedVersion: 2
  m_Modification:
    m_TransformParent: {fileID: 493517436}
    m_Modifications:
    - target: {fileID: 22314601748121633, guid: 37527c4cb9b52bd47876ad03db718770, type: 3}
      propertyPath: m_RootOrder
      value: 1
      objectReference: {fileID: 0}
    - target: {fileID: 22314601748121633, guid: 37527c4cb9b52bd47876ad03db718770, type: 3}
      propertyPath: m_LocalScale.x
      value: 7
      objectReference: {fileID: 0}
    - target: {fileID: 22314601748121633, guid: 37527c4cb9b52bd47876ad03db718770, type: 3}
      propertyPath: m_LocalScale.y
      value: 7
      objectReference: {fileID: 0}
    - target: {fileID: 22314601748121633, guid: 37527c4cb9b52bd47876ad03db718770, type: 3}
      propertyPath: m_LocalScale.z
      value: 7
      objectReference: {fileID: 0}
    - target: {fileID: 22314601748121633, guid: 37527c4cb9b52bd47876ad03db718770, type: 3}
      propertyPath: m_LocalPosition.x
      value: -11.900002
      objectReference: {fileID: 0}
    - target: {fileID: 22314601748121633, guid: 37527c4cb9b52bd47876ad03db718770, type: 3}
      propertyPath: m_LocalPosition.y
      value: -16.3
      objectReference: {fileID: 0}
    - target: {fileID: 22314601748121633, guid: 37527c4cb9b52bd47876ad03db718770, type: 3}
      propertyPath: m_LocalPosition.z
      value: -31.599998
      objectReference: {fileID: 0}
    - target: {fileID: 22314601748121633, guid: 37527c4cb9b52bd47876ad03db718770, type: 3}
      propertyPath: m_LocalRotation.w
      value: 0.48935458
      objectReference: {fileID: 0}
    - target: {fileID: 22314601748121633, guid: 37527c4cb9b52bd47876ad03db718770, type: 3}
      propertyPath: m_LocalRotation.x
      value: 0.016308255
      objectReference: {fileID: 0}
    - target: {fileID: 22314601748121633, guid: 37527c4cb9b52bd47876ad03db718770, type: 3}
      propertyPath: m_LocalRotation.y
      value: 0.8718653
      objectReference: {fileID: 0}
    - target: {fileID: 22314601748121633, guid: 37527c4cb9b52bd47876ad03db718770, type: 3}
      propertyPath: m_LocalRotation.z
      value: -0.010824964
      objectReference: {fileID: 0}
    - target: {fileID: 22314601748121633, guid: 37527c4cb9b52bd47876ad03db718770, type: 3}
      propertyPath: m_LocalEulerAnglesHint.x
      value: 1.996
      objectReference: {fileID: 0}
    - target: {fileID: 22314601748121633, guid: 37527c4cb9b52bd47876ad03db718770, type: 3}
      propertyPath: m_LocalEulerAnglesHint.y
      value: 121.409
      objectReference: {fileID: 0}
    - target: {fileID: 22314601748121633, guid: 37527c4cb9b52bd47876ad03db718770, type: 3}
      propertyPath: m_LocalEulerAnglesHint.z
      value: 1.023
      objectReference: {fileID: 0}
    - target: {fileID: 793926214551081627, guid: 37527c4cb9b52bd47876ad03db718770, type: 3}
      propertyPath: m_Name
      value: Rock 4
      objectReference: {fileID: 0}
    m_RemovedComponents: []
  m_SourcePrefab: {fileID: 100100000, guid: 37527c4cb9b52bd47876ad03db718770, type: 3}
--- !u!4 &1195527020 stripped
Transform:
  m_CorrespondingSourceObject: {fileID: 0}
  m_PrefabInstance: {fileID: 1195527019}
  m_PrefabAsset: {fileID: 0}
--- !u!1001 &1279456407
PrefabInstance:
  m_ObjectHideFlags: 0
  serializedVersion: 2
  m_Modification:
    m_TransformParent: {fileID: 1777813727}
    m_Modifications:
    - target: {fileID: 474604638437779176, guid: fa86efc5b89d1644fa84738d6b3e9007, type: 3}
      propertyPath: m_Name
      value: Rock 2
      objectReference: {fileID: 0}
    - target: {fileID: 999221649937431634, guid: fa86efc5b89d1644fa84738d6b3e9007, type: 3}
      propertyPath: m_RootOrder
      value: 1
      objectReference: {fileID: 0}
    - target: {fileID: 999221649937431634, guid: fa86efc5b89d1644fa84738d6b3e9007, type: 3}
      propertyPath: m_LocalScale.x
      value: 5
      objectReference: {fileID: 0}
    - target: {fileID: 999221649937431634, guid: fa86efc5b89d1644fa84738d6b3e9007, type: 3}
      propertyPath: m_LocalScale.y
      value: 5
      objectReference: {fileID: 0}
    - target: {fileID: 999221649937431634, guid: fa86efc5b89d1644fa84738d6b3e9007, type: 3}
      propertyPath: m_LocalScale.z
      value: 5
      objectReference: {fileID: 0}
    - target: {fileID: 999221649937431634, guid: fa86efc5b89d1644fa84738d6b3e9007, type: 3}
      propertyPath: m_LocalPosition.x
      value: -35.6
      objectReference: {fileID: 0}
    - target: {fileID: 999221649937431634, guid: fa86efc5b89d1644fa84738d6b3e9007, type: 3}
      propertyPath: m_LocalPosition.y
      value: -18.420223
      objectReference: {fileID: 0}
    - target: {fileID: 999221649937431634, guid: fa86efc5b89d1644fa84738d6b3e9007, type: 3}
      propertyPath: m_LocalPosition.z
      value: 70.956406
      objectReference: {fileID: 0}
    - target: {fileID: 999221649937431634, guid: fa86efc5b89d1644fa84738d6b3e9007, type: 3}
      propertyPath: m_LocalRotation.w
      value: 0.600116
      objectReference: {fileID: 0}
    - target: {fileID: 999221649937431634, guid: fa86efc5b89d1644fa84738d6b3e9007, type: 3}
      propertyPath: m_LocalRotation.x
      value: -0.60693514
      objectReference: {fileID: 0}
    - target: {fileID: 999221649937431634, guid: fa86efc5b89d1644fa84738d6b3e9007, type: 3}
      propertyPath: m_LocalRotation.y
      value: 0.49729908
      objectReference: {fileID: 0}
    - target: {fileID: 999221649937431634, guid: fa86efc5b89d1644fa84738d6b3e9007, type: 3}
      propertyPath: m_LocalRotation.z
      value: -0.15551284
      objectReference: {fileID: 0}
    - target: {fileID: 999221649937431634, guid: fa86efc5b89d1644fa84738d6b3e9007, type: 3}
      propertyPath: m_LocalEulerAnglesHint.x
      value: -144.985
      objectReference: {fileID: 0}
    - target: {fileID: 999221649937431634, guid: fa86efc5b89d1644fa84738d6b3e9007, type: 3}
      propertyPath: m_LocalEulerAnglesHint.y
      value: -73.59201
      objectReference: {fileID: 0}
    - target: {fileID: 999221649937431634, guid: fa86efc5b89d1644fa84738d6b3e9007, type: 3}
      propertyPath: m_LocalEulerAnglesHint.z
      value: 105.211
      objectReference: {fileID: 0}
    m_RemovedComponents: []
  m_SourcePrefab: {fileID: 100100000, guid: fa86efc5b89d1644fa84738d6b3e9007, type: 3}
--- !u!4 &1279456408 stripped
Transform:
  m_CorrespondingSourceObject: {fileID: 0}
  m_PrefabInstance: {fileID: 1279456407}
  m_PrefabAsset: {fileID: 0}
--- !u!1 &1403499490
GameObject:
  m_ObjectHideFlags: 0
  m_CorrespondingSourceObject: {fileID: 0}
  m_PrefabInstance: {fileID: 0}
  m_PrefabAsset: {fileID: 0}
  serializedVersion: 6
  m_Component:
  - component: {fileID: 1403499491}
  m_Layer: 0
  m_Name: Tri Rock
  m_TagString: Untagged
  m_Icon: {fileID: 0}
  m_NavMeshLayer: 0
  m_StaticEditorFlags: 0
  m_IsActive: 1
--- !u!4 &1403499491
Transform:
  m_ObjectHideFlags: 0
  m_CorrespondingSourceObject: {fileID: 0}
  m_PrefabInstance: {fileID: 0}
  m_PrefabAsset: {fileID: 0}
  m_GameObject: {fileID: 1403499490}
  m_LocalRotation: {x: -0, y: -0.49200282, z: -0, w: 0.8705936}
  m_LocalPosition: {x: 145.6, y: 2.7, z: 17.6}
  m_LocalScale: {x: 1, y: 1, z: 1}
  m_Children:
  - {fileID: 370914762}
  - {fileID: 670550756}
  - {fileID: 1471427284}
  - {fileID: 1860044802}
  - {fileID: 2038861925}
  m_Father: {fileID: 0}
  m_RootOrder: 2
  m_LocalEulerAnglesHint: {x: 0, y: -58.945, z: 0}
--- !u!1 &1460797644
GameObject:
  m_ObjectHideFlags: 0
  m_CorrespondingSourceObject: {fileID: 0}
  m_PrefabInstance: {fileID: 0}
  m_PrefabAsset: {fileID: 0}
  serializedVersion: 6
  m_Component:
  - component: {fileID: 1460797645}
  - component: {fileID: 1460797647}
  - component: {fileID: 1460797646}
  m_Layer: 0
  m_Name: Point light
  m_TagString: Untagged
  m_Icon: {fileID: 0}
  m_NavMeshLayer: 0
  m_StaticEditorFlags: 0
  m_IsActive: 1
--- !u!4 &1460797645
Transform:
  m_ObjectHideFlags: 0
  m_CorrespondingSourceObject: {fileID: 0}
  m_PrefabInstance: {fileID: 0}
  m_PrefabAsset: {fileID: 0}
  m_GameObject: {fileID: 1460797644}
  m_LocalRotation: {x: 0, y: 0, z: 0, w: 1}
  m_LocalPosition: {x: 0, y: -16.2, z: 0}
  m_LocalScale: {x: 1, y: 1, z: 1}
  m_Children: []
  m_Father: {fileID: 27032779}
  m_RootOrder: 0
  m_LocalEulerAnglesHint: {x: 90, y: 0, z: 0}
--- !u!114 &1460797646
MonoBehaviour:
  m_ObjectHideFlags: 0
  m_CorrespondingSourceObject: {fileID: 0}
  m_PrefabInstance: {fileID: 0}
  m_PrefabAsset: {fileID: 0}
  m_GameObject: {fileID: 1460797644}
  m_Enabled: 1
  m_EditorHideFlags: 0
  m_Script: {fileID: 11500000, guid: 7a68c43fe1f2a47cfa234b5eeaa98012, type: 3}
  m_Name: 
  m_EditorClassIdentifier: 
  m_Intensity: 50000000
  m_EnableSpotReflector: 1
  m_LuxAtDistance: 1
  m_InnerSpotPercent: 0
  m_SpotIESCutoffPercent: 100
  m_LightDimmer: 1
  m_VolumetricDimmer: 6
  m_LightUnit: 0
  m_FadeDistance: 10000
  m_VolumetricFadeDistance: 10000
  m_AffectDiffuse: 1
  m_AffectSpecular: 1
  m_NonLightmappedOnly: 0
  m_ShapeWidth: 0.5
  m_ShapeHeight: 0.5
  m_AspectRatio: 1
  m_ShapeRadius: 0.025
  m_SoftnessScale: 1
  m_UseCustomSpotLightShadowCone: 0
  m_CustomSpotLightShadowCone: 30
  m_MaxSmoothness: 0.99
  m_ApplyRangeAttenuation: 1
  m_DisplayAreaLightEmissiveMesh: 0
  m_AreaLightCookie: {fileID: 0}
  m_IESPoint: {fileID: 0}
  m_IESSpot: {fileID: 0}
  m_IncludeForRayTracing: 1
  m_AreaLightShadowCone: 120
  m_UseScreenSpaceShadows: 0
  m_InteractsWithSky: 1
  m_AngularDiameter: 0.5
  m_FlareSize: 2
  m_FlareTint: {r: 1, g: 1, b: 1, a: 1}
  m_FlareFalloff: 4
  m_SurfaceTexture: {fileID: 0}
  m_SurfaceTint: {r: 1, g: 1, b: 1, a: 1}
  m_Distance: 1.5e+11
  m_UseRayTracedShadows: 0
  m_NumRayTracingSamples: 4
  m_FilterTracedShadow: 1
  m_FilterSizeTraced: 16
  m_SunLightConeAngle: 0.5
  m_LightShadowRadius: 0.5
  m_SemiTransparentShadow: 0
  m_ColorShadow: 1
  m_DistanceBasedFiltering: 0
  m_EvsmExponent: 15
  m_EvsmLightLeakBias: 0
  m_EvsmVarianceBias: 0.00001
  m_EvsmBlurPasses: 0
  m_LightlayersMask: 1
  m_LinkShadowLayers: 1
  m_ShadowNearPlane: 0.1
  m_BlockerSampleCount: 24
  m_FilterSampleCount: 16
  m_MinFilterSize: 0.1
  m_KernelSize: 5
  m_LightAngle: 1
  m_MaxDepthBias: 0.001
  m_ShadowResolution:
    m_Override: 512
    m_UseOverride: 1
    m_Level: 0
  m_ShadowDimmer: 1
  m_VolumetricShadowDimmer: 1
  m_ShadowFadeDistance: 10000
  m_UseContactShadow:
    m_Override: 0
    m_UseOverride: 1
    m_Level: 0
  m_RayTracedContactShadow: 0
  m_ShadowTint: {r: 0, g: 0, b: 0, a: 1}
  m_PenumbraTint: 0
  m_NormalBias: 0.75
  m_SlopeBias: 0.5
  m_ShadowUpdateMode: 0
  m_AlwaysDrawDynamicShadows: 0
  m_UpdateShadowOnLightMovement: 0
  m_CachedShadowTranslationThreshold: 0.01
  m_CachedShadowAngularThreshold: 0.5
  m_BarnDoorAngle: 90
  m_BarnDoorLength: 0.05
  m_preserveCachedShadow: 0
  m_OnDemandShadowRenderOnPlacement: 1
  m_ShadowCascadeRatios:
  - 0.05
  - 0.2
  - 0.3
  m_ShadowCascadeBorders:
  - 0.2
  - 0.2
  - 0.2
  - 0.2
  m_ShadowAlgorithm: 0
  m_ShadowVariant: 0
  m_ShadowPrecision: 0
  useOldInspector: 0
  useVolumetric: 1
  featuresFoldout: 1
  showAdditionalSettings: 0
  m_AreaLightEmissiveMeshShadowCastingMode: 0
  m_AreaLightEmissiveMeshMotionVectorGenerationMode: 0
  m_AreaLightEmissiveMeshLayer: -1
  m_Version: 11
  m_ObsoleteShadowResolutionTier: 1
  m_ObsoleteUseShadowQualitySettings: 0
  m_ObsoleteCustomShadowResolution: 512
  m_ObsoleteContactShadows: 0
  m_PointlightHDType: 0
  m_SpotLightShape: 0
  m_AreaLightShape: 0
--- !u!108 &1460797647
Light:
  m_ObjectHideFlags: 0
  m_CorrespondingSourceObject: {fileID: 0}
  m_PrefabInstance: {fileID: 0}
  m_PrefabAsset: {fileID: 0}
  m_GameObject: {fileID: 1460797644}
  m_Enabled: 1
  serializedVersion: 10
  m_Type: 2
  m_Shape: 0
  m_Color: {r: 1, g: 1, b: 1, a: 1}
  m_Intensity: 3978873.5
  m_Range: 35
  m_SpotAngle: 30
  m_InnerSpotAngle: 21.80208
  m_CookieSize: 10
  m_Shadows:
    m_Type: 0
    m_Resolution: -1
    m_CustomResolution: -1
    m_Strength: 1
    m_Bias: 0.05
    m_NormalBias: 0.4
    m_NearPlane: 0.2
    m_CullingMatrixOverride:
      e00: 1
      e01: 0
      e02: 0
      e03: 0
      e10: 0
      e11: 1
      e12: 0
      e13: 0
      e20: 0
      e21: 0
      e22: 1
      e23: 0
      e30: 0
      e31: 0
      e32: 0
      e33: 1
    m_UseCullingMatrixOverride: 0
  m_Cookie: {fileID: 0}
  m_DrawHalo: 0
  m_Flare: {fileID: 0}
  m_RenderMode: 0
  m_CullingMask:
    serializedVersion: 2
    m_Bits: 4294967295
  m_RenderingLayerMask: 1
  m_Lightmapping: 1
  m_LightShadowCasterMode: 2
  m_AreaSize: {x: 0.5, y: 0.5}
  m_BounceIntensity: 1
  m_ColorTemperature: 10000
  m_UseColorTemperature: 1
  m_BoundingSphereOverride: {x: 0, y: 0, z: 0, w: 30}
  m_UseBoundingSphereOverride: 0
  m_UseViewFrustumForShadowCasterCull: 1
  m_ShadowRadius: 0
  m_ShadowAngle: 0
--- !u!1001 &1471427283
PrefabInstance:
  m_ObjectHideFlags: 0
  serializedVersion: 2
  m_Modification:
    m_TransformParent: {fileID: 1403499491}
    m_Modifications:
    - target: {fileID: 474604638437779176, guid: fa86efc5b89d1644fa84738d6b3e9007, type: 3}
      propertyPath: m_Name
      value: Rock 2 (1)
      objectReference: {fileID: 0}
    - target: {fileID: 999221649937431634, guid: fa86efc5b89d1644fa84738d6b3e9007, type: 3}
      propertyPath: m_RootOrder
      value: 0
      objectReference: {fileID: 0}
    - target: {fileID: 999221649937431634, guid: fa86efc5b89d1644fa84738d6b3e9007, type: 3}
      propertyPath: m_LocalScale.x
      value: 2.5
      objectReference: {fileID: 0}
    - target: {fileID: 999221649937431634, guid: fa86efc5b89d1644fa84738d6b3e9007, type: 3}
      propertyPath: m_LocalScale.y
      value: 2.4999998
      objectReference: {fileID: 0}
    - target: {fileID: 999221649937431634, guid: fa86efc5b89d1644fa84738d6b3e9007, type: 3}
      propertyPath: m_LocalScale.z
      value: 2.4999998
      objectReference: {fileID: 0}
    - target: {fileID: 999221649937431634, guid: fa86efc5b89d1644fa84738d6b3e9007, type: 3}
      propertyPath: m_LocalPosition.x
      value: 35.33
      objectReference: {fileID: 0}
    - target: {fileID: 999221649937431634, guid: fa86efc5b89d1644fa84738d6b3e9007, type: 3}
      propertyPath: m_LocalPosition.y
      value: -3.41
      objectReference: {fileID: 0}
    - target: {fileID: 999221649937431634, guid: fa86efc5b89d1644fa84738d6b3e9007, type: 3}
      propertyPath: m_LocalPosition.z
      value: 9.109993
      objectReference: {fileID: 0}
    - target: {fileID: 999221649937431634, guid: fa86efc5b89d1644fa84738d6b3e9007, type: 3}
      propertyPath: m_LocalRotation.w
      value: 0.7071067
      objectReference: {fileID: 0}
    - target: {fileID: 999221649937431634, guid: fa86efc5b89d1644fa84738d6b3e9007, type: 3}
      propertyPath: m_LocalRotation.x
      value: -0.7071068
      objectReference: {fileID: 0}
    - target: {fileID: 999221649937431634, guid: fa86efc5b89d1644fa84738d6b3e9007, type: 3}
      propertyPath: m_LocalRotation.y
      value: -0
      objectReference: {fileID: 0}
    - target: {fileID: 999221649937431634, guid: fa86efc5b89d1644fa84738d6b3e9007, type: 3}
      propertyPath: m_LocalRotation.z
      value: -0
      objectReference: {fileID: 0}
    - target: {fileID: 999221649937431634, guid: fa86efc5b89d1644fa84738d6b3e9007, type: 3}
      propertyPath: m_LocalEulerAnglesHint.x
      value: 0
      objectReference: {fileID: 0}
    - target: {fileID: 999221649937431634, guid: fa86efc5b89d1644fa84738d6b3e9007, type: 3}
      propertyPath: m_LocalEulerAnglesHint.y
      value: 0
      objectReference: {fileID: 0}
    - target: {fileID: 999221649937431634, guid: fa86efc5b89d1644fa84738d6b3e9007, type: 3}
      propertyPath: m_LocalEulerAnglesHint.z
      value: 0
      objectReference: {fileID: 0}
    m_RemovedComponents: []
  m_SourcePrefab: {fileID: 100100000, guid: fa86efc5b89d1644fa84738d6b3e9007, type: 3}
--- !u!4 &1471427284 stripped
Transform:
  m_CorrespondingSourceObject: {fileID: 0}
  m_PrefabInstance: {fileID: 1471427283}
  m_PrefabAsset: {fileID: 0}
--- !u!1001 &1560027238
PrefabInstance:
  m_ObjectHideFlags: 0
  serializedVersion: 2
  m_Modification:
    m_TransformParent: {fileID: 131430918}
    m_Modifications:
    - target: {fileID: 2043587658063371169, guid: f834cc89c1c9e86418c83ad34ee1e1d7, type: 3}
      propertyPath: m_RootOrder
      value: 1
      objectReference: {fileID: 0}
    - target: {fileID: 2043587658063371169, guid: f834cc89c1c9e86418c83ad34ee1e1d7, type: 3}
      propertyPath: m_LocalScale.x
      value: 5
      objectReference: {fileID: 0}
    - target: {fileID: 2043587658063371169, guid: f834cc89c1c9e86418c83ad34ee1e1d7, type: 3}
      propertyPath: m_LocalScale.y
      value: 5
      objectReference: {fileID: 0}
    - target: {fileID: 2043587658063371169, guid: f834cc89c1c9e86418c83ad34ee1e1d7, type: 3}
      propertyPath: m_LocalScale.z
      value: 5
      objectReference: {fileID: 0}
    - target: {fileID: 2043587658063371169, guid: f834cc89c1c9e86418c83ad34ee1e1d7, type: 3}
      propertyPath: m_LocalPosition.x
      value: 2.7000046
      objectReference: {fileID: 0}
    - target: {fileID: 2043587658063371169, guid: f834cc89c1c9e86418c83ad34ee1e1d7, type: 3}
      propertyPath: m_LocalPosition.y
      value: -1.9300001
      objectReference: {fileID: 0}
    - target: {fileID: 2043587658063371169, guid: f834cc89c1c9e86418c83ad34ee1e1d7, type: 3}
      propertyPath: m_LocalPosition.z
      value: -14.560001
      objectReference: {fileID: 0}
    - target: {fileID: 2043587658063371169, guid: f834cc89c1c9e86418c83ad34ee1e1d7, type: 3}
      propertyPath: m_LocalRotation.w
      value: 1
      objectReference: {fileID: 0}
    - target: {fileID: 2043587658063371169, guid: f834cc89c1c9e86418c83ad34ee1e1d7, type: 3}
      propertyPath: m_LocalRotation.x
      value: -0
      objectReference: {fileID: 0}
    - target: {fileID: 2043587658063371169, guid: f834cc89c1c9e86418c83ad34ee1e1d7, type: 3}
      propertyPath: m_LocalRotation.y
      value: -0
      objectReference: {fileID: 0}
    - target: {fileID: 2043587658063371169, guid: f834cc89c1c9e86418c83ad34ee1e1d7, type: 3}
      propertyPath: m_LocalRotation.z
      value: -0
      objectReference: {fileID: 0}
    - target: {fileID: 2043587658063371169, guid: f834cc89c1c9e86418c83ad34ee1e1d7, type: 3}
      propertyPath: m_LocalEulerAnglesHint.x
      value: 0
      objectReference: {fileID: 0}
    - target: {fileID: 2043587658063371169, guid: f834cc89c1c9e86418c83ad34ee1e1d7, type: 3}
      propertyPath: m_LocalEulerAnglesHint.y
      value: 0
      objectReference: {fileID: 0}
    - target: {fileID: 2043587658063371169, guid: f834cc89c1c9e86418c83ad34ee1e1d7, type: 3}
      propertyPath: m_LocalEulerAnglesHint.z
      value: 0
      objectReference: {fileID: 0}
    - target: {fileID: 2043587658063371174, guid: f834cc89c1c9e86418c83ad34ee1e1d7, type: 3}
      propertyPath: m_Name
      value: Rock Group 1
      objectReference: {fileID: 0}
    m_RemovedComponents: []
  m_SourcePrefab: {fileID: 100100000, guid: f834cc89c1c9e86418c83ad34ee1e1d7, type: 3}
--- !u!4 &1560027239 stripped
Transform:
  m_CorrespondingSourceObject: {fileID: 0}
  m_PrefabInstance: {fileID: 1560027238}
  m_PrefabAsset: {fileID: 0}
--- !u!1001 &1764025520
PrefabInstance:
  m_ObjectHideFlags: 0
  serializedVersion: 2
  m_Modification:
    m_TransformParent: {fileID: 131430918}
    m_Modifications:
    - target: {fileID: 6339879577025670124, guid: 4dbf665c5fff21a48953b71953554ef0, type: 3}
      propertyPath: m_Name
      value: Rock 3
      objectReference: {fileID: 0}
    - target: {fileID: 6678862771686093142, guid: 4dbf665c5fff21a48953b71953554ef0, type: 3}
      propertyPath: m_RootOrder
      value: 0
      objectReference: {fileID: 0}
    - target: {fileID: 6678862771686093142, guid: 4dbf665c5fff21a48953b71953554ef0, type: 3}
      propertyPath: m_LocalScale.x
      value: 7
      objectReference: {fileID: 0}
    - target: {fileID: 6678862771686093142, guid: 4dbf665c5fff21a48953b71953554ef0, type: 3}
      propertyPath: m_LocalScale.y
      value: 7
      objectReference: {fileID: 0}
    - target: {fileID: 6678862771686093142, guid: 4dbf665c5fff21a48953b71953554ef0, type: 3}
      propertyPath: m_LocalScale.z
      value: 7
      objectReference: {fileID: 0}
    - target: {fileID: 6678862771686093142, guid: 4dbf665c5fff21a48953b71953554ef0, type: 3}
      propertyPath: m_LocalPosition.x
      value: 0
      objectReference: {fileID: 0}
    - target: {fileID: 6678862771686093142, guid: 4dbf665c5fff21a48953b71953554ef0, type: 3}
      propertyPath: m_LocalPosition.y
      value: 0
      objectReference: {fileID: 0}
    - target: {fileID: 6678862771686093142, guid: 4dbf665c5fff21a48953b71953554ef0, type: 3}
      propertyPath: m_LocalPosition.z
      value: 0
      objectReference: {fileID: 0}
    - target: {fileID: 6678862771686093142, guid: 4dbf665c5fff21a48953b71953554ef0, type: 3}
      propertyPath: m_LocalRotation.w
      value: 0.5594574
      objectReference: {fileID: 0}
    - target: {fileID: 6678862771686093142, guid: 4dbf665c5fff21a48953b71953554ef0, type: 3}
      propertyPath: m_LocalRotation.x
      value: -0
      objectReference: {fileID: 0}
    - target: {fileID: 6678862771686093142, guid: 4dbf665c5fff21a48953b71953554ef0, type: 3}
      propertyPath: m_LocalRotation.y
      value: -0.82885915
      objectReference: {fileID: 0}
    - target: {fileID: 6678862771686093142, guid: 4dbf665c5fff21a48953b71953554ef0, type: 3}
      propertyPath: m_LocalRotation.z
      value: -0
      objectReference: {fileID: 0}
    - target: {fileID: 6678862771686093142, guid: 4dbf665c5fff21a48953b71953554ef0, type: 3}
      propertyPath: m_LocalEulerAnglesHint.x
      value: 0
      objectReference: {fileID: 0}
    - target: {fileID: 6678862771686093142, guid: 4dbf665c5fff21a48953b71953554ef0, type: 3}
      propertyPath: m_LocalEulerAnglesHint.y
      value: -111.963
      objectReference: {fileID: 0}
    - target: {fileID: 6678862771686093142, guid: 4dbf665c5fff21a48953b71953554ef0, type: 3}
      propertyPath: m_LocalEulerAnglesHint.z
      value: 0
      objectReference: {fileID: 0}
    m_RemovedComponents: []
  m_SourcePrefab: {fileID: 100100000, guid: 4dbf665c5fff21a48953b71953554ef0, type: 3}
--- !u!4 &1764025521 stripped
Transform:
  m_CorrespondingSourceObject: {fileID: 0}
  m_PrefabInstance: {fileID: 1764025520}
  m_PrefabAsset: {fileID: 0}
--- !u!1 &1777813726
GameObject:
  m_ObjectHideFlags: 0
  m_CorrespondingSourceObject: {fileID: 0}
  m_PrefabInstance: {fileID: 0}
  m_PrefabAsset: {fileID: 0}
  serializedVersion: 6
  m_Component:
  - component: {fileID: 1777813727}
  m_Layer: 0
  m_Name: Lit rock
  m_TagString: Untagged
  m_Icon: {fileID: 0}
  m_NavMeshLayer: 0
  m_StaticEditorFlags: 0
  m_IsActive: 1
--- !u!4 &1777813727
Transform:
  m_ObjectHideFlags: 0
  m_CorrespondingSourceObject: {fileID: 0}
  m_PrefabInstance: {fileID: 0}
  m_PrefabAsset: {fileID: 0}
  m_GameObject: {fileID: 1777813726}
  m_LocalRotation: {x: 0, y: 0, z: 0, w: 1}
  m_LocalPosition: {x: 0, y: 0, z: 0}
  m_LocalScale: {x: 1, y: 1, z: 1}
  m_Children:
  - {fileID: 591089686}
  - {fileID: 665818014}
  - {fileID: 715586769}
  - {fileID: 1279456408}
  m_Father: {fileID: 854144329}
  m_RootOrder: 1
  m_LocalEulerAnglesHint: {x: 0, y: 0, z: 0}
--- !u!1001 &1860044801
PrefabInstance:
  m_ObjectHideFlags: 0
  serializedVersion: 2
  m_Modification:
    m_TransformParent: {fileID: 1403499491}
    m_Modifications:
    - target: {fileID: 7230837678429210821, guid: 8709f5b430e77f94eb6682dc236a9cf4, type: 3}
      propertyPath: m_Name
      value: Rock 1
      objectReference: {fileID: 0}
    - target: {fileID: 8003679537386279551, guid: 8709f5b430e77f94eb6682dc236a9cf4, type: 3}
      propertyPath: m_RootOrder
      value: 1
      objectReference: {fileID: 0}
    - target: {fileID: 8003679537386279551, guid: 8709f5b430e77f94eb6682dc236a9cf4, type: 3}
      propertyPath: m_LocalScale.x
      value: 6
      objectReference: {fileID: 0}
    - target: {fileID: 8003679537386279551, guid: 8709f5b430e77f94eb6682dc236a9cf4, type: 3}
      propertyPath: m_LocalScale.y
      value: 6
      objectReference: {fileID: 0}
    - target: {fileID: 8003679537386279551, guid: 8709f5b430e77f94eb6682dc236a9cf4, type: 3}
      propertyPath: m_LocalScale.z
      value: 6
      objectReference: {fileID: 0}
    - target: {fileID: 8003679537386279551, guid: 8709f5b430e77f94eb6682dc236a9cf4, type: 3}
      propertyPath: m_LocalPosition.x
      value: 32.64
      objectReference: {fileID: 0}
    - target: {fileID: 8003679537386279551, guid: 8709f5b430e77f94eb6682dc236a9cf4, type: 3}
      propertyPath: m_LocalPosition.y
      value: -0.82000005
      objectReference: {fileID: 0}
    - target: {fileID: 8003679537386279551, guid: 8709f5b430e77f94eb6682dc236a9cf4, type: 3}
      propertyPath: m_LocalPosition.z
      value: 11.049995
      objectReference: {fileID: 0}
    - target: {fileID: 8003679537386279551, guid: 8709f5b430e77f94eb6682dc236a9cf4, type: 3}
      propertyPath: m_LocalRotation.w
      value: 0.28242612
      objectReference: {fileID: 0}
    - target: {fileID: 8003679537386279551, guid: 8709f5b430e77f94eb6682dc236a9cf4, type: 3}
      propertyPath: m_LocalRotation.x
      value: -0.4522813
      objectReference: {fileID: 0}
    - target: {fileID: 8003679537386279551, guid: 8709f5b430e77f94eb6682dc236a9cf4, type: 3}
      propertyPath: m_LocalRotation.y
      value: -0.6388562
      objectReference: {fileID: 0}
    - target: {fileID: 8003679537386279551, guid: 8709f5b430e77f94eb6682dc236a9cf4, type: 3}
      propertyPath: m_LocalRotation.z
      value: 0.55456287
      objectReference: {fileID: 0}
    - target: {fileID: 8003679537386279551, guid: 8709f5b430e77f94eb6682dc236a9cf4, type: 3}
      propertyPath: m_LocalEulerAnglesHint.x
      value: 26.943
      objectReference: {fileID: 0}
    - target: {fileID: 8003679537386279551, guid: 8709f5b430e77f94eb6682dc236a9cf4, type: 3}
      propertyPath: m_LocalEulerAnglesHint.y
      value: -104.645
      objectReference: {fileID: 0}
    - target: {fileID: 8003679537386279551, guid: 8709f5b430e77f94eb6682dc236a9cf4, type: 3}
      propertyPath: m_LocalEulerAnglesHint.z
      value: 91.555
      objectReference: {fileID: 0}
    m_RemovedComponents: []
  m_SourcePrefab: {fileID: 100100000, guid: 8709f5b430e77f94eb6682dc236a9cf4, type: 3}
--- !u!4 &1860044802 stripped
Transform:
  m_CorrespondingSourceObject: {fileID: 0}
  m_PrefabInstance: {fileID: 1860044801}
  m_PrefabAsset: {fileID: 0}
--- !u!1001 &1916190960
PrefabInstance:
  m_ObjectHideFlags: 0
  serializedVersion: 2
  m_Modification:
    m_TransformParent: {fileID: 493517436}
    m_Modifications:
    - target: {fileID: 474604638437779176, guid: fa86efc5b89d1644fa84738d6b3e9007, type: 3}
      propertyPath: m_Name
      value: Rock 2
      objectReference: {fileID: 0}
    - target: {fileID: 999221649937431634, guid: fa86efc5b89d1644fa84738d6b3e9007, type: 3}
      propertyPath: m_RootOrder
      value: 4
      objectReference: {fileID: 0}
    - target: {fileID: 999221649937431634, guid: fa86efc5b89d1644fa84738d6b3e9007, type: 3}
      propertyPath: m_LocalScale.x
      value: 2
      objectReference: {fileID: 0}
    - target: {fileID: 999221649937431634, guid: fa86efc5b89d1644fa84738d6b3e9007, type: 3}
      propertyPath: m_LocalScale.y
      value: 2
      objectReference: {fileID: 0}
    - target: {fileID: 999221649937431634, guid: fa86efc5b89d1644fa84738d6b3e9007, type: 3}
      propertyPath: m_LocalScale.z
      value: 2
      objectReference: {fileID: 0}
    - target: {fileID: 999221649937431634, guid: fa86efc5b89d1644fa84738d6b3e9007, type: 3}
      propertyPath: m_LocalPosition.x
      value: -5.85
      objectReference: {fileID: 0}
    - target: {fileID: 999221649937431634, guid: fa86efc5b89d1644fa84738d6b3e9007, type: 3}
      propertyPath: m_LocalPosition.y
      value: -13.75
      objectReference: {fileID: 0}
    - target: {fileID: 999221649937431634, guid: fa86efc5b89d1644fa84738d6b3e9007, type: 3}
      propertyPath: m_LocalPosition.z
      value: -30.93
      objectReference: {fileID: 0}
    - target: {fileID: 999221649937431634, guid: fa86efc5b89d1644fa84738d6b3e9007, type: 3}
      propertyPath: m_LocalRotation.w
      value: 0.3102064
      objectReference: {fileID: 0}
    - target: {fileID: 999221649937431634, guid: fa86efc5b89d1644fa84738d6b3e9007, type: 3}
      propertyPath: m_LocalRotation.x
      value: -0.5461949
      objectReference: {fileID: 0}
    - target: {fileID: 999221649937431634, guid: fa86efc5b89d1644fa84738d6b3e9007, type: 3}
      propertyPath: m_LocalRotation.y
      value: -0.5479111
      objectReference: {fileID: 0}
    - target: {fileID: 999221649937431634, guid: fa86efc5b89d1644fa84738d6b3e9007, type: 3}
      propertyPath: m_LocalRotation.z
      value: -0.55248225
      objectReference: {fileID: 0}
    - target: {fileID: 999221649937431634, guid: fa86efc5b89d1644fa84738d6b3e9007, type: 3}
      propertyPath: m_LocalEulerAnglesHint.x
      value: -70.785
      objectReference: {fileID: 0}
    - target: {fileID: 999221649937431634, guid: fa86efc5b89d1644fa84738d6b3e9007, type: 3}
      propertyPath: m_LocalEulerAnglesHint.y
      value: 126.783
      objectReference: {fileID: 0}
    - target: {fileID: 999221649937431634, guid: fa86efc5b89d1644fa84738d6b3e9007, type: 3}
      propertyPath: m_LocalEulerAnglesHint.z
      value: -230.998
      objectReference: {fileID: 0}
    m_RemovedComponents: []
  m_SourcePrefab: {fileID: 100100000, guid: fa86efc5b89d1644fa84738d6b3e9007, type: 3}
--- !u!4 &1916190961 stripped
Transform:
  m_CorrespondingSourceObject: {fileID: 0}
  m_PrefabInstance: {fileID: 1916190960}
  m_PrefabAsset: {fileID: 0}
--- !u!1001 &2038861924
PrefabInstance:
  m_ObjectHideFlags: 0
  serializedVersion: 2
  m_Modification:
    m_TransformParent: {fileID: 1403499491}
    m_Modifications:
    - target: {fileID: 474604638437779176, guid: fa86efc5b89d1644fa84738d6b3e9007, type: 3}
      propertyPath: m_Name
      value: Rock 2
      objectReference: {fileID: 0}
    - target: {fileID: 999221649937431634, guid: fa86efc5b89d1644fa84738d6b3e9007, type: 3}
      propertyPath: m_RootOrder
      value: 3
      objectReference: {fileID: 0}
    - target: {fileID: 999221649937431634, guid: fa86efc5b89d1644fa84738d6b3e9007, type: 3}
      propertyPath: m_LocalScale.x
      value: 8
      objectReference: {fileID: 0}
    - target: {fileID: 999221649937431634, guid: fa86efc5b89d1644fa84738d6b3e9007, type: 3}
      propertyPath: m_LocalScale.y
      value: 8
      objectReference: {fileID: 0}
    - target: {fileID: 999221649937431634, guid: fa86efc5b89d1644fa84738d6b3e9007, type: 3}
      propertyPath: m_LocalScale.z
      value: 8
      objectReference: {fileID: 0}
    - target: {fileID: 999221649937431634, guid: fa86efc5b89d1644fa84738d6b3e9007, type: 3}
      propertyPath: m_LocalPosition.x
      value: 15.3
      objectReference: {fileID: 0}
    - target: {fileID: 999221649937431634, guid: fa86efc5b89d1644fa84738d6b3e9007, type: 3}
      propertyPath: m_LocalPosition.y
      value: 0.70000005
      objectReference: {fileID: 0}
    - target: {fileID: 999221649937431634, guid: fa86efc5b89d1644fa84738d6b3e9007, type: 3}
      propertyPath: m_LocalPosition.z
      value: -21.100006
      objectReference: {fileID: 0}
    - target: {fileID: 999221649937431634, guid: fa86efc5b89d1644fa84738d6b3e9007, type: 3}
      propertyPath: m_LocalRotation.w
      value: 0.5272857
      objectReference: {fileID: 0}
    - target: {fileID: 999221649937431634, guid: fa86efc5b89d1644fa84738d6b3e9007, type: 3}
      propertyPath: m_LocalRotation.x
      value: -0.83568096
      objectReference: {fileID: 0}
    - target: {fileID: 999221649937431634, guid: fa86efc5b89d1644fa84738d6b3e9007, type: 3}
      propertyPath: m_LocalRotation.y
      value: -0.08198906
      objectReference: {fileID: 0}
    - target: {fileID: 999221649937431634, guid: fa86efc5b89d1644fa84738d6b3e9007, type: 3}
      propertyPath: m_LocalRotation.z
      value: 0.12994224
      objectReference: {fileID: 0}
    - target: {fileID: 999221649937431634, guid: fa86efc5b89d1644fa84738d6b3e9007, type: 3}
      propertyPath: m_LocalEulerAnglesHint.x
      value: -120.686005
      objectReference: {fileID: 0}
    - target: {fileID: 999221649937431634, guid: fa86efc5b89d1644fa84738d6b3e9007, type: 3}
      propertyPath: m_LocalEulerAnglesHint.y
      value: 36.511993
      objectReference: {fileID: 0}
    - target: {fileID: 999221649937431634, guid: fa86efc5b89d1644fa84738d6b3e9007, type: 3}
      propertyPath: m_LocalEulerAnglesHint.z
      value: -32.481995
      objectReference: {fileID: 0}
    m_RemovedComponents: []
  m_SourcePrefab: {fileID: 100100000, guid: fa86efc5b89d1644fa84738d6b3e9007, type: 3}
--- !u!4 &2038861925 stripped
Transform:
  m_CorrespondingSourceObject: {fileID: 0}
  m_PrefabInstance: {fileID: 2038861924}
  m_PrefabAsset: {fileID: 0}
