%YAML 1.1
%TAG !u! tag:unity3d.com,2011:
--- !u!114 &-9161415461634020206
MonoBehaviour:
  m_ObjectHideFlags: 3
  m_CorrespondingSourceObject: {fileID: 0}
  m_PrefabInstance: {fileID: 0}
  m_PrefabAsset: {fileID: 0}
  m_GameObject: {fileID: 0}
  m_Enabled: 1
  m_EditorHideFlags: 0
  m_Script: {fileID: 11500000, guid: 9008a067f4d626c4d8bc4bc48f04bb89, type: 3}
  m_Name: AmbientOcclusion
  m_EditorClassIdentifier: 
  active: 1
  m_AdvancedMode: 0
  quality:
    m_OverrideState: 1
    m_Value: 3
  rayTracing:
    m_OverrideState: 0
    m_Value: 0
  intensity:
    m_OverrideState: 1
    m_Value: 2.21
    min: 0
    max: 4
  directLightingStrength:
    m_OverrideState: 1
    m_Value: 0.575
    min: 0
    max: 1
  radius:
    m_OverrideState: 1
    m_Value: 2.59
    min: 0.25
    max: 5
  spatialBilateralAggressiveness:
    m_OverrideState: 0
    m_Value: 0.032
    min: 0
    max: 1
  temporalAccumulation:
    m_OverrideState: 0
    m_Value: 1
  ghostingReduction:
    m_OverrideState: 0
    m_Value: 0.748
    min: 0
    max: 1
  blurSharpness:
    m_OverrideState: 0
    m_Value: 0.1
    min: 0
    max: 1
  layerMask:
    m_OverrideState: 0
    m_Value:
      serializedVersion: 2
      m_Bits: 4294967295
  m_StepCount:
    m_OverrideState: 1
    m_Value: 6
    min: 2
    max: 32
  m_FullResolution:
    m_OverrideState: 1
    m_Value: 0
  m_MaximumRadiusInPixels:
    m_OverrideState: 1
    m_Value: 40
    min: 16
    max: 256
  m_BilateralUpsample:
    m_OverrideState: 1
    m_Value: 1
  m_DirectionCount:
    m_OverrideState: 1
    m_Value: 2
    min: 1
    max: 6
  m_RayLength:
    m_OverrideState: 1
    m_Value: 3
    min: 0.01
  m_SampleCount:
    m_OverrideState: 1
    m_Value: 2
    min: 1
    max: 64
  m_Denoise:
    m_OverrideState: 1
    m_Value: 1
  m_DenoiserRadius:
    m_OverrideState: 1
    m_Value: 0.5
    min: 0.001
    max: 1
--- !u!114 &-8551075481658069667
MonoBehaviour:
  m_ObjectHideFlags: 3
  m_CorrespondingSourceObject: {fileID: 0}
  m_PrefabInstance: {fileID: 0}
  m_PrefabAsset: {fileID: 0}
  m_GameObject: {fileID: 0}
  m_Enabled: 1
  m_EditorHideFlags: 0
  m_Script: {fileID: 11500000, guid: 24f077503be6ae942a1e1245dbd53ea9, type: 3}
  m_Name: Bloom
  m_EditorClassIdentifier: 
  active: 1
  m_AdvancedMode: 0
  quality:
    m_OverrideState: 1
    m_Value: 1
  threshold:
    m_OverrideState: 1
    m_Value: 0.7
    min: 0
  intensity:
    m_OverrideState: 1
    m_Value: 0.73
    min: 0
    max: 1
  scatter:
    m_OverrideState: 1
    m_Value: 0.786
    min: 0
    max: 1
  tint:
    m_OverrideState: 1
    m_Value: {r: 1, g: 1, b: 1, a: 1}
    hdr: 0
    showAlpha: 0
    showEyeDropper: 1
  dirtTexture:
    m_OverrideState: 0
    m_Value: {fileID: 0}
  dirtIntensity:
    m_OverrideState: 0
    m_Value: 0
    min: 0
  anamorphic:
    m_OverrideState: 0
    m_Value: 1
  m_Resolution:
    m_OverrideState: 1
    m_Value: 2
  m_HighQualityPrefiltering:
    m_OverrideState: 1
    m_Value: 0
  m_HighQualityFiltering:
    m_OverrideState: 1
    m_Value: 1
--- !u!114 &-2763222820855621713
MonoBehaviour:
  m_ObjectHideFlags: 3
  m_CorrespondingSourceObject: {fileID: 0}
  m_PrefabInstance: {fileID: 0}
  m_PrefabAsset: {fileID: 0}
  m_GameObject: {fileID: 0}
  m_Enabled: 1
  m_EditorHideFlags: 0
  m_Script: {fileID: 11500000, guid: 4b8bcdf71d7fafa419fca1ed162f5fc9, type: 3}
  m_Name: ColorAdjustments
  m_EditorClassIdentifier: 
  active: 1
  m_AdvancedMode: 0
  postExposure:
    m_OverrideState: 0
    m_Value: 0
  contrast:
    m_OverrideState: 1
    m_Value: 10
    min: -100
    max: 100
  colorFilter:
    m_OverrideState: 0
    m_Value: {r: 1, g: 1, b: 1, a: 1}
    hdr: 1
    showAlpha: 0
    showEyeDropper: 1
  hueShift:
    m_OverrideState: 0
    m_Value: 0
    min: -180
    max: 180
  saturation:
    m_OverrideState: 1
    m_Value: 10
    min: -100
    max: 100
--- !u!114 &-649266751888630682
MonoBehaviour:
  m_ObjectHideFlags: 3
  m_CorrespondingSourceObject: {fileID: 0}
  m_PrefabInstance: {fileID: 0}
  m_PrefabAsset: {fileID: 0}
  m_GameObject: {fileID: 0}
  m_Enabled: 1
  m_EditorHideFlags: 0
  m_Script: {fileID: 11500000, guid: a81bcacc415a1f743bfdf703afc52027, type: 3}
  m_Name: GradientSky
  m_EditorClassIdentifier: 
  active: 1
  m_AdvancedMode: 0
  rotation:
    m_OverrideState: 0
    m_Value: 0
    min: 0
    max: 360
  skyIntensityMode:
    m_OverrideState: 1
    m_Value: 0
  exposure:
    m_OverrideState: 1
    m_Value: 5
  multiplier:
    m_OverrideState: 1
    m_Value: 20
    min: 0
  upperHemisphereLuxValue:
    m_OverrideState: 0
    m_Value: 1
    min: 0
  upperHemisphereLuxColor:
    m_OverrideState: 0
    m_Value: {x: 0, y: 0, z: 0}
  desiredLuxValue:
    m_OverrideState: 0
    m_Value: 20000
  updateMode:
    m_OverrideState: 1
    m_Value: 0
  updatePeriod:
    m_OverrideState: 1
    m_Value: 0
    min: 0
  includeSunInBaking:
    m_OverrideState: 0
    m_Value: 0
  top:
    m_OverrideState: 1
    m_Value: {r: 16.94838, g: 13.57645, b: 9.050967, a: 1}
    hdr: 1
    showAlpha: 0
    showEyeDropper: 1
  middle:
    m_OverrideState: 1
    m_Value: {r: 4.220212, g: 1.148275, b: 0.73654646, a: 1}
    hdr: 1
    showAlpha: 0
    showEyeDropper: 1
  bottom:
    m_OverrideState: 1
    m_Value: {r: 2.9960785, g: 1.1294118, b: 1.6447471, a: 1}
    hdr: 1
    showAlpha: 0
    showEyeDropper: 1
  gradientDiffusion:
    m_OverrideState: 1
    m_Value: 2
--- !u!114 &11400000
MonoBehaviour:
  m_ObjectHideFlags: 0
  m_CorrespondingSourceObject: {fileID: 0}
  m_PrefabInstance: {fileID: 0}
  m_PrefabAsset: {fileID: 0}
  m_GameObject: {fileID: 0}
  m_Enabled: 1
  m_EditorHideFlags: 0
  m_Script: {fileID: 11500000, guid: d7fd9488000d3734a9e00ee676215985, type: 3}
  m_Name: FDG PP
  m_EditorClassIdentifier: 
  components:
  - {fileID: -649266751888630682}
  - {fileID: 815982940657562573}
  - {fileID: 2766840835738527927}
  - {fileID: 5021270644206736728}
  - {fileID: 1104146755299396337}
  - {fileID: 4833288319812880266}
  - {fileID: -8551075481658069667}
  - {fileID: -9161415461634020206}
  - {fileID: 6122664672393843021}
  - {fileID: 4007836903051192060}
  - {fileID: -2763222820855621713}
--- !u!114 &815982940657562573
MonoBehaviour:
  m_ObjectHideFlags: 3
  m_CorrespondingSourceObject: {fileID: 0}
  m_PrefabInstance: {fileID: 0}
  m_PrefabAsset: {fileID: 0}
  m_GameObject: {fileID: 0}
  m_Enabled: 1
  m_EditorHideFlags: 0
  m_Script: {fileID: 11500000, guid: 0d7593b3a9277ac4696b20006c21dde2, type: 3}
  m_Name: 
  m_EditorClassIdentifier: 
  active: 1
  m_AdvancedMode: 0
  skyType:
    m_OverrideState: 1
    m_Value: 3
  skyAmbientMode:
    m_OverrideState: 1
    m_Value: 1
  fogType:
    m_OverrideState: 1
    m_Value: 0
--- !u!114 &1104146755299396337
MonoBehaviour:
  m_ObjectHideFlags: 3
  m_CorrespondingSourceObject: {fileID: 0}
  m_PrefabInstance: {fileID: 0}
  m_PrefabAsset: {fileID: 0}
  m_GameObject: {fileID: 0}
  m_Enabled: 1
  m_EditorHideFlags: 0
  m_Script: {fileID: 11500000, guid: 6b24b200358312b4fa1004e2431c2f1f, type: 3}
  m_Name: ShadowsMidtonesHighlights
  m_EditorClassIdentifier: 
  active: 1
  m_AdvancedMode: 0
  shadows:
    m_OverrideState: 1
    m_Value: {x: 0.90999997, y: 0.922, z: 1, w: 0.071980275}
  midtones:
    m_OverrideState: 0
    m_Value: {x: 1, y: 0.93583333, z: 0.65, w: 0.035874445}
  highlights:
    m_OverrideState: 1
    m_Value: {x: 1, y: 0.937, z: 0.86, w: 0.035874438}
  shadowsStart:
    m_OverrideState: 0
    m_Value: 0
    min: 0
  shadowsEnd:
    m_OverrideState: 0
    m_Value: 0.3
    min: 0
  highlightsStart:
    m_OverrideState: 0
    m_Value: 0.55
    min: 0
  highlightsEnd:
    m_OverrideState: 0
    m_Value: 1
    min: 0
--- !u!114 &2766840835738527927
MonoBehaviour:
  m_ObjectHideFlags: 3
  m_CorrespondingSourceObject: {fileID: 0}
  m_PrefabInstance: {fileID: 0}
  m_PrefabAsset: {fileID: 0}
  m_GameObject: {fileID: 0}
  m_Enabled: 1
  m_EditorHideFlags: 0
  m_Script: {fileID: 11500000, guid: 953beb541740ddc499d005ee80c9ff29, type: 3}
  m_Name: 
  m_EditorClassIdentifier: 
  active: 1
  m_AdvancedMode: 0
  quality:
    m_OverrideState: 1
    m_Value: 1
  enabled:
    m_OverrideState: 1
    m_Value: 1
  colorMode:
    m_OverrideState: 1
    m_Value: 0
  color:
    m_OverrideState: 1
    m_Value: {r: 0.8784314, g: 0.6745098, b: 0.27058825, a: 1}
    hdr: 1
    showAlpha: 0
    showEyeDropper: 1
  tint:
    m_OverrideState: 1
    m_Value: {r: 1, g: 1, b: 1, a: 1}
    hdr: 1
    showAlpha: 0
    showEyeDropper: 1
  maxFogDistance:
    m_OverrideState: 1
    m_Value: 300
    min: 0
  mipFogMaxMip:
    m_OverrideState: 0
    m_Value: 0.5
    min: 0
    max: 1
  mipFogNear:
    m_OverrideState: 0
    m_Value: 0
    min: 0
  mipFogFar:
    m_OverrideState: 0
    m_Value: 1000
    min: 0
  baseHeight:
    m_OverrideState: 1
    m_Value: 0
  maximumHeight:
    m_OverrideState: 1
    m_Value: 310.1
  meanFreePath:
    m_OverrideState: 1
    m_Value: 200
    min: 1
  enableVolumetricFog:
    m_OverrideState: 1
    m_Value: 1
  albedo:
    m_OverrideState: 0
    m_Value: {r: 1, g: 1, b: 1, a: 1}
    hdr: 0
    showAlpha: 1
    showEyeDropper: 1
  globalLightProbeDimmer:
    m_OverrideState: 0
    m_Value: 1
    min: 0
    max: 1
  depthExtent:
    m_OverrideState: 1
    m_Value: 1000
    min: 0.1
  denoisingMode:
    m_OverrideState: 1
    m_Value: 2
  anisotropy:
    m_OverrideState: 1
    m_Value: 0.65
    min: -1
    max: 1
  sliceDistributionUniformity:
    m_OverrideState: 0
    m_Value: 0.75
    min: 0
    max: 1
  m_FogControlMode:
    m_OverrideState: 1
    m_Value: 0
  screenResolutionPercentage:
    m_OverrideState: 0
    m_Value: 12.5
    min: 6.25
    max: 100
  volumeSliceCount:
    m_OverrideState: 0
    m_Value: 64
    min: 1
    max: 1024
  m_VolumetricFogBudget:
    m_OverrideState: 1
    m_Value: 0.33
    min: 0
    max: 1
  m_ResolutionDepthRatio:
    m_OverrideState: 1
    m_Value: 0.666
    min: 0
    max: 1
  directionalLightsOnly:
    m_OverrideState: 0
    m_Value: 0
--- !u!114 &4007836903051192060
MonoBehaviour:
  m_ObjectHideFlags: 3
  m_CorrespondingSourceObject: {fileID: 0}
  m_PrefabInstance: {fileID: 0}
  m_PrefabAsset: {fileID: 0}
  m_GameObject: {fileID: 0}
  m_Enabled: 1
  m_EditorHideFlags: 0
  m_Script: {fileID: 11500000, guid: 7ddcec8a8eb2d684d833ac8f5d26aebd, type: 3}
  m_Name: HDShadowSettings
  m_EditorClassIdentifier: 
  active: 1
  m_AdvancedMode: 0
  maxShadowDistance:
    m_OverrideState: 1
    m_Value: 700
    min: 0
  directionalTransmissionMultiplier:
    m_OverrideState: 0
    m_Value: 1
    min: 0
    max: 1
  cascadeShadowSplitCount:
    m_OverrideState: 0
    m_Value: 4
    min: 1
    max: 4
  cascadeShadowSplit0:
    m_OverrideState: 0
    m_Value: 0.05
  cascadeShadowSplit1:
    m_OverrideState: 0
    m_Value: 0.15
  cascadeShadowSplit2:
    m_OverrideState: 0
    m_Value: 0.3
  cascadeShadowBorder0:
    m_OverrideState: 0
    m_Value: 0
  cascadeShadowBorder1:
    m_OverrideState: 0
    m_Value: 0
  cascadeShadowBorder2:
    m_OverrideState: 0
    m_Value: 0
  cascadeShadowBorder3:
    m_OverrideState: 0
    m_Value: 0
--- !u!114 &4833288319812880266
MonoBehaviour:
  m_ObjectHideFlags: 3
  m_CorrespondingSourceObject: {fileID: 0}
  m_PrefabInstance: {fileID: 0}
  m_PrefabAsset: {fileID: 0}
  m_GameObject: {fileID: 0}
  m_Enabled: 1
  m_EditorHideFlags: 0
  m_Script: {fileID: 11500000, guid: 2c1be1b6c95cd2e41b27903b9270817f, type: 3}
  m_Name: Vignette
  m_EditorClassIdentifier: 
  active: 1
  m_AdvancedMode: 0
  mode:
    m_OverrideState: 1
    m_Value: 0
  color:
    m_OverrideState: 0
    m_Value: {r: 0, g: 0, b: 0, a: 1}
    hdr: 0
    showAlpha: 0
    showEyeDropper: 1
  center:
    m_OverrideState: 0
    m_Value: {x: 0.5, y: 0.5}
  intensity:
    m_OverrideState: 1
    m_Value: 0.2
    min: 0
    max: 1
  smoothness:
    m_OverrideState: 1
    m_Value: 0.1
    min: 0.01
    max: 1
  roundness:
    m_OverrideState: 1
    m_Value: 1
    min: 0
    max: 1
  rounded:
    m_OverrideState: 0
    m_Value: 0
  mask:
    m_OverrideState: 0
    m_Value: {fileID: 0}
  opacity:
    m_OverrideState: 0
    m_Value: 1
    min: 0
    max: 1
--- !u!114 &5021270644206736728
MonoBehaviour:
  m_ObjectHideFlags: 3
  m_CorrespondingSourceObject: {fileID: 0}
  m_PrefabInstance: {fileID: 0}
  m_PrefabAsset: {fileID: 0}
  m_GameObject: {fileID: 0}
  m_Enabled: 1
  m_EditorHideFlags: 0
  m_Script: {fileID: 11500000, guid: 2d08ce26990eb1a4a9177b860541e702, type: 3}
  m_Name: Exposure
  m_EditorClassIdentifier: 
  active: 1
  m_AdvancedMode: 0
  mode:
    m_OverrideState: 1
    m_Value: 3
  meteringMode:
    m_OverrideState: 1
    m_Value: 2
  luminanceSource:
    m_OverrideState: 0
    m_Value: 1
  fixedExposure:
    m_OverrideState: 1
    m_Value: 15
  compensation:
    m_OverrideState: 1
    m_Value: 7
  limitMin:
    m_OverrideState: 1
    m_Value: 10.965034
  limitMax:
    m_OverrideState: 1
    m_Value: 13.501498
  curveMap:
    m_OverrideState: 0
    m_Value:
      serializedVersion: 2
      m_Curve:
      - serializedVersion: 3
        time: -10
        value: -10
        inSlope: 0
        outSlope: 0
        tangentMode: 0
        weightedMode: 0
        inWeight: 0
        outWeight: 0
      - serializedVersion: 3
        time: 6.3199806
        value: 1.7721214
        inSlope: -0.92482805
        outSlope: -0.92482805
        tangentMode: 0
        weightedMode: 0
        inWeight: 0.2640566
        outWeight: 0.3521622
      - serializedVersion: 3
        time: 20
        value: 20
        inSlope: 1
        outSlope: 1
        tangentMode: 0
        weightedMode: 0
        inWeight: 0
        outWeight: 0
      m_PreInfinity: 2
      m_PostInfinity: 2
      m_RotationOrder: 4
  limitMinCurveMap:
    m_OverrideState: 0
    m_Value:
      serializedVersion: 2
      m_Curve:
      - serializedVersion: 3
        time: -10
        value: -12
        inSlope: 0
        outSlope: 1
        tangentMode: 0
        weightedMode: 0
        inWeight: 0
        outWeight: 0
      - serializedVersion: 3
        time: 20
        value: 18
        inSlope: 1
        outSlope: 0
        tangentMode: 0
        weightedMode: 0
        inWeight: 0
        outWeight: 0
      m_PreInfinity: 2
      m_PostInfinity: 2
      m_RotationOrder: 4
  limitMaxCurveMap:
    m_OverrideState: 0
    m_Value:
      serializedVersion: 2
      m_Curve:
      - serializedVersion: 3
        time: -10
        value: -8
        inSlope: 0
        outSlope: 1
        tangentMode: 0
        weightedMode: 0
        inWeight: 0
        outWeight: 0
      - serializedVersion: 3
        time: 20
        value: 22
        inSlope: 1
        outSlope: 0
        tangentMode: 0
        weightedMode: 0
        inWeight: 0
        outWeight: 0
      m_PreInfinity: 2
      m_PostInfinity: 2
      m_RotationOrder: 4
  adaptationMode:
    m_OverrideState: 1
    m_Value: 0
  adaptationSpeedDarkToLight:
    m_OverrideState: 1
    m_Value: 3
    min: 0.001
  adaptationSpeedLightToDark:
    m_OverrideState: 0
    m_Value: 1
    min: 0.001
  weightTextureMask:
    m_OverrideState: 0
    m_Value: {fileID: 0}
  histogramPercentages:
    m_OverrideState: 1
    m_Value: {x: 0, y: 50.00007}
    min: 0
    max: 100
  histogramUseCurveRemapping:
    m_OverrideState: 0
    m_Value: 0
  targetMidGray:
    m_OverrideState: 0
    m_Value: 0
  centerAroundExposureTarget:
    m_OverrideState: 0
    m_Value: 0
  proceduralCenter:
    m_OverrideState: 0
    m_Value: {x: 0.5, y: 0.5}
  proceduralRadii:
    m_OverrideState: 0
    m_Value: {x: 0.15, y: 0.15}
  maskMinIntensity:
    m_OverrideState: 0
    m_Value: -30
  maskMaxIntensity:
    m_OverrideState: 0
    m_Value: 30
  proceduralSoftness:
    m_OverrideState: 0
    m_Value: 0.5
    min: 0
--- !u!114 &6122664672393843021
MonoBehaviour:
  m_ObjectHideFlags: 3
  m_CorrespondingSourceObject: {fileID: 0}
  m_PrefabInstance: {fileID: 0}
  m_PrefabAsset: {fileID: 0}
  m_GameObject: {fileID: 0}
  m_Enabled: 1
  m_EditorHideFlags: 0
  m_Script: {fileID: 11500000, guid: f086a068d4c5889438831b3ae9afc11c, type: 3}
  m_Name: Tonemapping
  m_EditorClassIdentifier: 
  active: 1
  m_AdvancedMode: 0
  mode:
    m_OverrideState: 1
    m_Value: 3
  toeStrength:
    m_OverrideState: 1
    m_Value: 0.277
    min: 0
    max: 1
  toeLength:
    m_OverrideState: 1
    m_Value: 0.312
    min: 0
    max: 1
  shoulderStrength:
    m_OverrideState: 1
    m_Value: 0.466
    min: 0
    max: 1
  shoulderLength:
    m_OverrideState: 0
    m_Value: 10.44
    min: 0
  shoulderAngle:
    m_OverrideState: 0
    m_Value: 0.12
    min: 0
    max: 1
  gamma:
    m_OverrideState: 0
    m_Value: 1
    min: 0.001
  lutTexture:
    m_OverrideState: 0
    m_Value: {fileID: 0}
  lutContribution:
    m_OverrideState: 0
    m_Value: 1
    min: 0
    max: 1
