%YAML 1.1
%TAG !u! tag:unity3d.com,2011:
--- !u!1 &3531867820951583633
GameObject:
  m_ObjectHideFlags: 0
  m_CorrespondingSourceObject: {fileID: 0}
  m_PrefabInstance: {fileID: 0}
  m_PrefabAsset: {fileID: 0}
  serializedVersion: 6
  m_Component:
  - component: {fileID: 3531867820951583632}
  m_Layer: 0
  m_Name: FiddlerGreen_Center
  m_TagString: Untagged
  m_Icon: {fileID: 0}
  m_NavMeshLayer: 0
  m_StaticEditorFlags: 0
  m_IsActive: 1
--- !u!4 &3531867820951583632
Transform:
  m_ObjectHideFlags: 0
  m_CorrespondingSourceObject: {fileID: 0}
  m_PrefabInstance: {fileID: 0}
  m_PrefabAsset: {fileID: 0}
  m_GameObject: {fileID: 3531867820951583633}
  m_LocalRotation: {x: 0, y: 0.65213805, z: 0, w: 0.7581003}
  m_LocalPosition: {x: 0, y: 7.5999975, z: 0}
  m_LocalScale: {x: 1, y: 1, z: 1}
  m_Children:
  - {fileID: 3531867822586926420}
  m_Father: {fileID: 0}
  m_RootOrder: 0
  m_LocalEulerAnglesHint: {x: 0, y: 81.406, z: 0}
--- !u!1 &3531867821612701732
GameObject:
  m_ObjectHideFlags: 0
  m_CorrespondingSourceObject: {fileID: 0}
  m_PrefabInstance: {fileID: 0}
  m_PrefabAsset: {fileID: 0}
  serializedVersion: 6
  m_Component:
  - component: {fileID: 3531867821612701735}
  - component: {fileID: 3531867821612701737}
  - component: {fileID: 3531867821612701734}
  m_Layer: 0
  m_Name: Plane (1)
  m_TagString: Untagged
  m_Icon: {fileID: 0}
  m_NavMeshLayer: 0
  m_StaticEditorFlags: 0
  m_IsActive: 0
--- !u!4 &3531867821612701735
Transform:
  m_ObjectHideFlags: 0
  m_CorrespondingSourceObject: {fileID: 0}
  m_PrefabInstance: {fileID: 0}
  m_PrefabAsset: {fileID: 0}
  m_GameObject: {fileID: 3531867821612701732}
  m_LocalRotation: {x: -0, y: -0.70710695, z: -0, w: 0.7071067}
  m_LocalPosition: {x: -112, y: -3.9, z: -199}
  m_LocalScale: {x: 200.42001, y: 200.42, z: 200.42001}
  m_Children: []
  m_Father: {fileID: 3531867822586926420}
  m_RootOrder: 5
  m_LocalEulerAnglesHint: {x: 0, y: 0, z: 0}
--- !u!33 &3531867821612701737
MeshFilter:
  m_ObjectHideFlags: 0
  m_CorrespondingSourceObject: {fileID: 0}
  m_PrefabInstance: {fileID: 0}
  m_PrefabAsset: {fileID: 0}
  m_GameObject: {fileID: 3531867821612701732}
  m_Mesh: {fileID: 10209, guid: 0000000000000000e000000000000000, type: 0}
--- !u!23 &3531867821612701734
MeshRenderer:
  m_ObjectHideFlags: 0
  m_CorrespondingSourceObject: {fileID: 0}
  m_PrefabInstance: {fileID: 0}
  m_PrefabAsset: {fileID: 0}
  m_GameObject: {fileID: 3531867821612701732}
  m_Enabled: 1
  m_CastShadows: 1
  m_ReceiveShadows: 1
  m_DynamicOccludee: 1
  m_StaticShadowCaster: 0
  m_MotionVectors: 1
  m_LightProbeUsage: 1
  m_ReflectionProbeUsage: 1
  m_RayTracingMode: 2
  m_RayTraceProcedural: 0
  m_RenderingLayerMask: 257
  m_RendererPriority: 0
  m_Materials:
  - {fileID: 2100000, guid: 7a7b35e725be772478d3c51994e2d902, type: 2}
  m_StaticBatchInfo:
    firstSubMesh: 0
    subMeshCount: 0
  m_StaticBatchRoot: {fileID: 0}
  m_ProbeAnchor: {fileID: 0}
  m_LightProbeVolumeOverride: {fileID: 0}
  m_ScaleInLightmap: 1
  m_ReceiveGI: 1
  m_PreserveUVs: 0
  m_IgnoreNormalsForChartDetection: 0
  m_ImportantGI: 0
  m_StitchLightmapSeams: 1
  m_SelectedEditorRenderState: 3
  m_MinimumChartSize: 4
  m_AutoUVMaxDistance: 0.5
  m_AutoUVMaxAngle: 89
  m_LightmapParameters: {fileID: 0}
  m_SortingLayerID: 0
  m_SortingLayer: 0
  m_SortingOrder: 0
  m_AdditionalVertexStreams: {fileID: 0}
--- !u!1001 &3531867822268246190
PrefabInstance:
  m_ObjectHideFlags: 0
  serializedVersion: 2
  m_Modification:
    m_TransformParent: {fileID: 3531867822586926420}
    m_Modifications:
    - target: {fileID: -8679921383154817045, guid: c13a262b21dbba349978e8d7fd0e447f, type: 3}
      propertyPath: m_RootOrder
      value: 6
      objectReference: {fileID: 0}
    - target: {fileID: -8679921383154817045, guid: c13a262b21dbba349978e8d7fd0e447f, type: 3}
      propertyPath: m_LocalPosition.x
      value: -0
      objectReference: {fileID: 0}
    - target: {fileID: -8679921383154817045, guid: c13a262b21dbba349978e8d7fd0e447f, type: 3}
      propertyPath: m_LocalPosition.y
      value: -65
      objectReference: {fileID: 0}
    - target: {fileID: -8679921383154817045, guid: c13a262b21dbba349978e8d7fd0e447f, type: 3}
      propertyPath: m_LocalPosition.z
      value: 0
      objectReference: {fileID: 0}
    - target: {fileID: -8679921383154817045, guid: c13a262b21dbba349978e8d7fd0e447f, type: 3}
      propertyPath: m_LocalRotation.w
      value: 0.7071068
      objectReference: {fileID: 0}
    - target: {fileID: -8679921383154817045, guid: c13a262b21dbba349978e8d7fd0e447f, type: 3}
      propertyPath: m_LocalRotation.x
      value: -0.7071068
      objectReference: {fileID: 0}
    - target: {fileID: -8679921383154817045, guid: c13a262b21dbba349978e8d7fd0e447f, type: 3}
      propertyPath: m_LocalRotation.y
      value: 0
      objectReference: {fileID: 0}
    - target: {fileID: -8679921383154817045, guid: c13a262b21dbba349978e8d7fd0e447f, type: 3}
      propertyPath: m_LocalRotation.z
      value: -0
      objectReference: {fileID: 0}
    - target: {fileID: -8679921383154817045, guid: c13a262b21dbba349978e8d7fd0e447f, type: 3}
      propertyPath: m_LocalEulerAnglesHint.x
      value: 0
      objectReference: {fileID: 0}
    - target: {fileID: -8679921383154817045, guid: c13a262b21dbba349978e8d7fd0e447f, type: 3}
      propertyPath: m_LocalEulerAnglesHint.y
      value: 0
      objectReference: {fileID: 0}
    - target: {fileID: -8679921383154817045, guid: c13a262b21dbba349978e8d7fd0e447f, type: 3}
      propertyPath: m_LocalEulerAnglesHint.z
      value: 0
      objectReference: {fileID: 0}
    - target: {fileID: -7511558181221131132, guid: c13a262b21dbba349978e8d7fd0e447f, type: 3}
      propertyPath: m_Materials.Array.data[0]
      value: 
      objectReference: {fileID: 2100000, guid: a19dfded3bedf384b888296dde67b183, type: 2}
    - target: {fileID: 919132149155446097, guid: c13a262b21dbba349978e8d7fd0e447f, type: 3}
      propertyPath: m_Name
      value: CloudSea (3)
      objectReference: {fileID: 0}
    m_RemovedComponents: []
  m_SourcePrefab: {fileID: 100100000, guid: c13a262b21dbba349978e8d7fd0e447f, type: 3}
--- !u!1001 &5732243860321348232
PrefabInstance:
  m_ObjectHideFlags: 0
  serializedVersion: 2
  m_Modification:
    m_TransformParent: {fileID: 3531867820951583632}
    m_Modifications:
    - target: {fileID: 305873946399179634, guid: 0b3be7bb2ce57194985b4fd07985042d, type: 3}
      propertyPath: m_RootOrder
      value: 13
      objectReference: {fileID: 0}
    - target: {fileID: 932675929387619902, guid: 0b3be7bb2ce57194985b4fd07985042d, type: 3}
      propertyPath: m_RootOrder
      value: 10
      objectReference: {fileID: 0}
    - target: {fileID: 1616403281497510294, guid: 0b3be7bb2ce57194985b4fd07985042d, type: 3}
      propertyPath: m_RootOrder
      value: 5
      objectReference: {fileID: 0}
    - target: {fileID: 1633748902311217940, guid: 0b3be7bb2ce57194985b4fd07985042d, type: 3}
      propertyPath: m_LocalPosition.y
      value: -0.83
      objectReference: {fileID: 0}
    - target: {fileID: 1750805520730181432, guid: 0b3be7bb2ce57194985b4fd07985042d, type: 3}
      propertyPath: m_RootOrder
      value: 9
      objectReference: {fileID: 0}
    - target: {fileID: 1999102824963392384, guid: 0b3be7bb2ce57194985b4fd07985042d, type: 3}
      propertyPath: m_RootOrder
      value: 8
      objectReference: {fileID: 0}
    - target: {fileID: 2638448618438323163, guid: 0b3be7bb2ce57194985b4fd07985042d, type: 3}
      propertyPath: m_RootOrder
      value: 6
      objectReference: {fileID: 0}
    - target: {fileID: 2638448618438323163, guid: 0b3be7bb2ce57194985b4fd07985042d, type: 3}
      propertyPath: m_LocalEulerAnglesHint.x
      value: -83.523
      objectReference: {fileID: 0}
    - target: {fileID: 2638448618438323163, guid: 0b3be7bb2ce57194985b4fd07985042d, type: 3}
      propertyPath: m_LocalEulerAnglesHint.y
      value: 35.429
      objectReference: {fileID: 0}
    - target: {fileID: 2638448618438323163, guid: 0b3be7bb2ce57194985b4fd07985042d, type: 3}
      propertyPath: m_LocalEulerAnglesHint.z
      value: 15.457
      objectReference: {fileID: 0}
    - target: {fileID: 3817770018433877890, guid: 0b3be7bb2ce57194985b4fd07985042d, type: 3}
      propertyPath: m_RootOrder
      value: 11
      objectReference: {fileID: 0}
    - target: {fileID: 4746300991361842231, guid: 0b3be7bb2ce57194985b4fd07985042d, type: 3}
      propertyPath: m_IsActive
      value: 0
      objectReference: {fileID: 0}
    - target: {fileID: 5093315925140056407, guid: 0b3be7bb2ce57194985b4fd07985042d, type: 3}
      propertyPath: m_IsActive
      value: 1
      objectReference: {fileID: 0}
    - target: {fileID: 5256690761393515975, guid: 0b3be7bb2ce57194985b4fd07985042d, type: 3}
      propertyPath: m_RootOrder
      value: 5
      objectReference: {fileID: 0}
    - target: {fileID: 5256690761393515975, guid: 0b3be7bb2ce57194985b4fd07985042d, type: 3}
      propertyPath: m_LocalEulerAnglesHint.x
      value: -87.552
      objectReference: {fileID: 0}
    - target: {fileID: 5256690761393515975, guid: 0b3be7bb2ce57194985b4fd07985042d, type: 3}
      propertyPath: m_LocalEulerAnglesHint.y
      value: -10.331
      objectReference: {fileID: 0}
    - target: {fileID: 5373025896018529610, guid: 0b3be7bb2ce57194985b4fd07985042d, type: 3}
      propertyPath: m_RootOrder
      value: 4
      objectReference: {fileID: 0}
    - target: {fileID: 5612830343961801709, guid: 0b3be7bb2ce57194985b4fd07985042d, type: 3}
      propertyPath: m_RootOrder
      value: 6
      objectReference: {fileID: 0}
    - target: {fileID: 5612830343961801709, guid: 0b3be7bb2ce57194985b4fd07985042d, type: 3}
      propertyPath: m_LocalPosition.y
      value: -30.5
      objectReference: {fileID: 0}
    - target: {fileID: 5954309252381364179, guid: 0b3be7bb2ce57194985b4fd07985042d, type: 3}
      propertyPath: m_RootOrder
      value: 4
      objectReference: {fileID: 0}
    - target: {fileID: 6972857038826749142, guid: 0b3be7bb2ce57194985b4fd07985042d, type: 3}
      propertyPath: m_RootOrder
      value: 7
      objectReference: {fileID: 0}
    - target: {fileID: 7335656079032644919, guid: 0b3be7bb2ce57194985b4fd07985042d, type: 3}
      propertyPath: m_LocalRotation.w
      value: 0.94032747
      objectReference: {fileID: 0}
    - target: {fileID: 7335656079032644919, guid: 0b3be7bb2ce57194985b4fd07985042d, type: 3}
      propertyPath: m_LocalRotation.x
      value: 0.33051488
      objectReference: {fileID: 0}
    - target: {fileID: 7335656079032644919, guid: 0b3be7bb2ce57194985b4fd07985042d, type: 3}
      propertyPath: m_LocalRotation.y
      value: -0.023493975
      objectReference: {fileID: 0}
    - target: {fileID: 7335656079032644919, guid: 0b3be7bb2ce57194985b4fd07985042d, type: 3}
      propertyPath: m_LocalRotation.z
      value: 0.07740943
      objectReference: {fileID: 0}
    - target: {fileID: 7335656079032644919, guid: 0b3be7bb2ce57194985b4fd07985042d, type: 3}
      propertyPath: m_LocalEulerAnglesHint.x
      value: 38.698
      objectReference: {fileID: 0}
    - target: {fileID: 7335656079032644919, guid: 0b3be7bb2ce57194985b4fd07985042d, type: 3}
      propertyPath: m_LocalEulerAnglesHint.y
      value: 0.513
      objectReference: {fileID: 0}
    - target: {fileID: 7335656079032644919, guid: 0b3be7bb2ce57194985b4fd07985042d, type: 3}
      propertyPath: m_LocalEulerAnglesHint.z
      value: 9.592
      objectReference: {fileID: 0}
    - target: {fileID: 7611098032035209023, guid: 0b3be7bb2ce57194985b4fd07985042d, type: 3}
      propertyPath: m_RootOrder
      value: 2
      objectReference: {fileID: 0}
    - target: {fileID: 7613914237953728884, guid: 0b3be7bb2ce57194985b4fd07985042d, type: 3}
      propertyPath: m_RootOrder
      value: 3
      objectReference: {fileID: 0}
    - target: {fileID: 8113992212384096709, guid: 0b3be7bb2ce57194985b4fd07985042d, type: 3}
      propertyPath: m_RootOrder
      value: 12
      objectReference: {fileID: 0}
    - target: {fileID: 8524784951223574851, guid: 0b3be7bb2ce57194985b4fd07985042d, type: 3}
      propertyPath: m_LocalPosition.y
      value: -3.27
      objectReference: {fileID: 0}
    - target: {fileID: 8720106893257830917, guid: 0b3be7bb2ce57194985b4fd07985042d, type: 3}
      propertyPath: m_LocalPosition.y
      value: 1.5
      objectReference: {fileID: 0}
    - target: {fileID: 8720106893257830917, guid: 0b3be7bb2ce57194985b4fd07985042d, type: 3}
      propertyPath: m_LocalPosition.z
      value: -44.8
      objectReference: {fileID: 0}
    - target: {fileID: 9119422531426636889, guid: 0b3be7bb2ce57194985b4fd07985042d, type: 3}
      propertyPath: m_LocalPosition.y
      value: -1.5
      objectReference: {fileID: 0}
    - target: {fileID: 9119422531426636901, guid: 0b3be7bb2ce57194985b4fd07985042d, type: 3}
      propertyPath: m_IsActive
      value: 0
      objectReference: {fileID: 0}
    - target: {fileID: 9119422532438671324, guid: 0b3be7bb2ce57194985b4fd07985042d, type: 3}
      propertyPath: m_RootOrder
      value: 0
      objectReference: {fileID: 0}
    - target: {fileID: 9119422532438671324, guid: 0b3be7bb2ce57194985b4fd07985042d, type: 3}
      propertyPath: m_LocalPosition.x
      value: -27.521067
      objectReference: {fileID: 0}
    - target: {fileID: 9119422532438671324, guid: 0b3be7bb2ce57194985b4fd07985042d, type: 3}
      propertyPath: m_LocalPosition.y
      value: -7.5999975
      objectReference: {fileID: 0}
    - target: {fileID: 9119422532438671324, guid: 0b3be7bb2ce57194985b4fd07985042d, type: 3}
      propertyPath: m_LocalPosition.z
      value: 4.1592255
      objectReference: {fileID: 0}
    - target: {fileID: 9119422532438671324, guid: 0b3be7bb2ce57194985b4fd07985042d, type: 3}
      propertyPath: m_LocalRotation.w
      value: 0.7581003
      objectReference: {fileID: 0}
    - target: {fileID: 9119422532438671324, guid: 0b3be7bb2ce57194985b4fd07985042d, type: 3}
      propertyPath: m_LocalRotation.x
      value: -0
      objectReference: {fileID: 0}
    - target: {fileID: 9119422532438671324, guid: 0b3be7bb2ce57194985b4fd07985042d, type: 3}
      propertyPath: m_LocalRotation.y
      value: -0.65213805
      objectReference: {fileID: 0}
    - target: {fileID: 9119422532438671324, guid: 0b3be7bb2ce57194985b4fd07985042d, type: 3}
      propertyPath: m_LocalRotation.z
      value: -0
      objectReference: {fileID: 0}
    - target: {fileID: 9119422532438671324, guid: 0b3be7bb2ce57194985b4fd07985042d, type: 3}
      propertyPath: m_LocalEulerAnglesHint.x
      value: 0
      objectReference: {fileID: 0}
    - target: {fileID: 9119422532438671324, guid: 0b3be7bb2ce57194985b4fd07985042d, type: 3}
      propertyPath: m_LocalEulerAnglesHint.y
      value: 0
      objectReference: {fileID: 0}
    - target: {fileID: 9119422532438671324, guid: 0b3be7bb2ce57194985b4fd07985042d, type: 3}
      propertyPath: m_LocalEulerAnglesHint.z
      value: 0
      objectReference: {fileID: 0}
    - target: {fileID: 9119422532438671325, guid: 0b3be7bb2ce57194985b4fd07985042d, type: 3}
      propertyPath: m_Name
      value: Fidller's green
      objectReference: {fileID: 0}
    - target: {fileID: 9119422532438671325, guid: 0b3be7bb2ce57194985b4fd07985042d, type: 3}
      propertyPath: m_IsActive
      value: 1
      objectReference: {fileID: 0}
    m_RemovedComponents:
    - {fileID: 8125716694533206409, guid: 0b3be7bb2ce57194985b4fd07985042d, type: 3}
  m_SourcePrefab: {fileID: 100100000, guid: 0b3be7bb2ce57194985b4fd07985042d, type: 3}
--- !u!4 &3531867822586926420 stripped
Transform:
  m_CorrespondingSourceObject: {fileID: 9119422532438671324, guid: 0b3be7bb2ce57194985b4fd07985042d, type: 3}
  m_PrefabInstance: {fileID: 5732243860321348232}
  m_PrefabAsset: {fileID: 0}
